2514 3950
270 167 362 239 11]
1069 164 1287 218 LIBER
1327 164 1398 220 11.
2075 157 2199 223 159

270 328 482 410 Alter,
526 326 639 390 ubi
683 325 852 390 dicto
898 324 1083 389 citius
1128 327 1349 389 curata
1392 326 1602 408 sopori
2130 337 2199 389 80

271 410 562 476 Μο1111013
584 409 775 493 dedit,
807 413 1071 507 vegetus
1090 408 1486 494 praescripta
1506 407 1584 471 ad
1605 410 1825 474 munia
1844 410 2068 494 surgit.

270 495 394 560 Hic
421 498 640 559 tamen
661 495 741 559 ad
761 495 987 559 mehus
1015 493 1253 578 poterit
1271 496 1702 557 transcurrere
1732 494 2076 578 quondam3

272 579 418 645 Sive
463 579 631 644 diem
671 579 907 644 festum
948 578 1199 643 rediens
1243 577 1566 642 advexerit
1606 598 1810 641 annus
1824 625 1843 654 ,

272 663 398 729 Seu
438 684 722 729 recreare
764 664 939 728 volet
978 664 1313 728 tenuatum
1357 682 1585 746 corpus
1600 710 1619 744 ‚
1663 661 1848 725 ubive

269 748 597 814 Accedent
639 748 822 831 anni,
867 750 934 812 et
974 747 1237 812 tractari
1280 747 1537 811 mollius
1582 748 1759 811 aetas
2129 756 2203 807 85

266 831 595 898 Imbecilla
636 834 835 918 volet3
880 832 999 897 tibi
1044 832 1349 916 quidnam
1394 829 1652 896 accedet
1694 831 1775 894 ad
1818 829 2041 912 istam,

269 916 474 992 Quam
515 938 674 1000 puer
717 919 782 981 et
824 916 1069 980 validus
1112 915 1468 999 praesumis
1484 964 1502 998 ‚
1547 915 1911 998 mollitiem,
1958 935 2070 979 seu

267 1000 446 1065 Dura
488 999 783 1063 valetudo
829 999 1125 1062 inciderit
1169 1020 1282 1062 seu
1329 998 1511 1061 tarda
1553 998 1890 1063 senectus?

268 1082 626 1146 Rancidum
646 1103 873 1165 aprum
893 1082 1138 1164 antiqui
1159 1082 1526 1164 laudabant,
1553 1102 1688 1146 non
1709 1083 1858 1165 quia
1878 1104 2069 1147 nasus

270 1166 409 1230 Illis
429 1166 645 1230 nullus
670 1166 806 1230 erat
848 1163 977 1248 sed,
1012 1164 1216 1248 credo,
1242 1165 1365 1229 hac
1386 1167 1618 1247 mente,
1649 1165 1819 1249 quod
1838 1165 2070 1249 hospes
2128 1179 2197 1228 90

270 1249 542 1314 Tardius
587 1214 931 1313 adveniens
973 1249 1266 1313 vitiatum
1312 1248 1704 1312 commodius
1755 1269 1946 1332 quam

269 1334 604 1419 Integrum
634 1333 794 1398 edax
836 1333 1130 1397 dominus
1168 1336 1587 1397 consumeret.
1659 1331 1797 1396 Hos
1827 1333 2071 1398 utinam

1485 1417 1653 1481 inter

268 1502 516 1568 Heroas
560 1505 784 1567 natum
825 1502 1015 1567 tellus
1057 1523 1161 1567 me
1202 1501 1413 1587 prima
1452 1501 1732 1565 tulisset!

269 1587 400 1652 Das
445 1587 683 1671 aliquid
725 1586 959 1670 famae,
1007 1607 1166 1670 quae
1210 1586 1491 1650 carmine
1531 1586 1776 1672 gratior
1819 1607 2029 1650 aurem

270 1672 442 1738 Occu
490 1675 555 1736 et
594 1671 983 1736 humanam?
1062 1670 1351 1736 Grandes
1392 1671 1648 1735 rhombi
1688 1670 2069 1755 patinaeque
2129 1682 2195 1732 95

269 1755 446 1821 Gran
490 1778 524 1820 e
566 1756 782 1821 ferunt
822 1777 950 1820 una
993 1776 1137 1820 cum
1181 1755 1413 1819 damno
1458 1755 1748 1819 dedecus,
1821 1754 2006 1821 Adde

268 1840 511 1906 Iratum
553 1843 848 1923 patruum
862 1887 881 1921 ‚
924 1839 1167 1902 vicinos
1181 1887 1198 1920 ,
1249 1840 1315 1902 te
1358 1839 1479 1902 tibi
1520 1839 1810 1921 iniquum

265 1925 356 1990 Et
398 1925 636 1988 frustra
676 1923 902 1986 mortis
947 1921 1276 2005 cupidum,
1322 1941 1467 1985 cum
1510 1922 1674 1986 derit
1717 1923 1933 2006 egenti

267 2008 363 2073 As
378 2057 397 2091 ‚
443 2007 654 2090 laquei
695 2007 994 2090 pretium.
1071 2005 1265 2069 ‘Iure'
1310 2005 1521 2088 inquit
1562 2004 1885 2069 ‘Transius
1930 2007 2070 2071 istis

267 2091 568 2188 Iurgatur
610 2090 851 2174 verbis3
898 2110 1018 2175 ego
1064 2090 1404 2175 vectigalia
1445 2111 1680 2174 magna
2099 2105 2198 2153 100

268 2175 666 2259 Divitiasque
707 2173 911 2239 habeo
953 2174 1157 2238 tribus
1203 2174 1447 2258 amplas
1489 2173 1794 2259 regibus.'
1878 2174 2055 2260 Ergo

271 2259 455 2335 Quod
484 2261 742 2344 superat
768 2280 902 2323 non
931 2262 1029 2324 est
1055 2258 1283 2323 melius
1314 2279 1438 2342 quo
1467 2259 1785 2323 insumere
1860 2260 2068 2323 ossis?

269 2343 400 2410 Cur
443 2346 590 2429 eget
631 2343 933 2429 indignus
978 2343 1313 2427 quisquam
1354 2345 1419 2407 te
1464 2342 1703 2407 divite?
1851 2365 1998 2407 11310

269 2428 536 2513 Templa
555 2432 748 2492 ruunt
775 2428 1038 2511 antiqua
1066 2425 1298 2491 deum?
1358 2425 1516 2508 Cur,
1547 2427 1844 2510 inprobe,
1888 2449 2069 2492 carae

267 2513 423 2579 Non
466 2511 705 2595 aliquid
746 2511 991 2595 patriae
1032 2513 1216 2574 tanto
1262 2510 1539 2575 emetiris
1585 2512 1855 2576 acervo?
2097 2524 2196 2575 105

268 2597 399 2662 Vni
442 2596 744 2660 nimirum
786 2595 907 2659 tibi
951 2597 1122 2659 recte
1168 2615 1417 2678 semper
1459 2597 1646 2659 erunt
1685 2617 1806 2661 res.

272 2681 326 2747 Ο
371 2700 644 2765 magnus
686 2678 954 2763 posthac
997 2679 1275 2745 inimicis
1316 2679 1509 2744 risus!
1575 2679 1819 2745 Vterne

267 2765 373 2833 Ad
418 2786 600 2829 casus
645 2763 871 2828 dubios
915 2764 1068 2828 fidet
1111 2764 1233 2829 sibi
1280 2763 1555 2828 certius?
1612 2763 1719 2826 hic
1763 2763 1872 2845 qui

266 2850 566 2916 Pluribus
611 2848 894 2915 adsuerit
933 2851 1215 2913 mentem
1261 2867 1613 2930 corpusque
1657 2846 2025 2932 superbum,

267 2937 377 2999 An
419 2934 525 3018 qui
573 2936 911 2999 contentus
954 2953 1151 3016 parvo
1196 2934 1610 3013 metuensque
1653 2929 1853 2994 futuri
2098 2946 2196 2996 110

268 3019 348 3083 In
391 3037 576 3103 pace,
622 3019 697 3082 ut
738 3018 1023 3101 sapiens,
1070 3014 1305 3099 aptarit
1345 3013 1577 3079 idonea
1615 3014 1832 3079 bello?

271 3103 410 3179 Quo
465 3102 676 3187 magis
732 3101 835 3165 his
897 3099 1113 3165 credas
1125 3148 1144 3183 ‚
1212 3119 1371 3184 puer
1425 3097 1598 3249 11ιὸἳο
1607 3120 1773 3247 11030
1836 3122 2067 3184 parvus

1572 3205 1606 3247 e
1656 3206 1765 3248 um

270 3270 550 3354 Integris
597 3271 823 3355 opibus
867 3270 1017 3334 novi
1058 3289 1192 3332 non
1236 3268 1425 3332 latius
1468 3289 1685 3352 usum,

272 3354 474 3430 Quam
514 3375 683 3419 nunc
727 3355 969 3420 accisis.
1057 3351 1295 3418 Videas
1336 3354 1576 3417 metato
1620 3353 1691 3416 in
1733 3353 1941 3437 agello

271 3438 435 3507 Cum
477 3457 707 3523 pecore
750 3441 814 3504 et
854 3439 1070 3524 gnatis
1112 3437 1345 3504 fortem
1387 3436 1676 3503 mercede
1720 3437 2043 3523 colonum,
2097 3450 2193 3500 115
