2514 3950
359 174 493 242 232
1065 176 1582 235 EPISTVLARVM
2176 180 2315 254 [m.

489 341 837 408 Difficilest
875 342 1134 427 proprie
1175 343 1217 424 †
1240 340 1602 407 communia
1645 341 1882 427 dicere;
1925 342 2123 425 tuque

487 426 748 492 Rectius
789 426 1057 492 Iliacum
1101 447 1360 492 carmen
1402 425 1659 491 deducis
1702 426 1774 490 in
1815 427 1994 491 actus
2003 475 2023 509 ‚

364 524 465 575 130
494 511 701 588 Quam
743 510 799 575 si
839 511 1158 595 proferres
1201 511 1425 595 ignota
1466 510 1832 594 indictaque
1872 510 2135 594 primus.

488 595 758 661 Publica
797 595 1095 660 materies
1136 594 1371 679 privati
1414 594 1569 659 iuris
1614 595 1763 677 erit,
1814 594 1873 659 si

488 679 643 746 Non
685 679 853 745 circa
893 679 1085 744 vilem
1126 679 1540 763 patulumque
1589 678 1939 744 moraberis
1983 678 2241 764 orbem,

489 763 629 829 Nec
671 764 935 829 verbum
977 763 1170 828 verbo
1216 762 1466 828 curabis
1509 763 1771 828 reddere
1812 763 1976 829 fidus

487 846 809 932 Interpres
883 868 1004 912 nec
1046 846 1300 912 desilies
1342 846 1628 912 imitator
1669 848 1739 912 in
1782 849 2020 931 artum,

364 944 460 994 135
489 931 676 996 Vnde
716 896 945 1030 pedem
982 932 1273 1030 proferre
1313 931 1523 1016 pudor
1560 933 1734 997 vetet
1760 934 1871 996 aut
1910 931 2119 1030 operis
2167 933 2303 1000 lex.

486 1014 625 1083 Nec
668 1016 761 1081 sic
801 1037 930 1082 mci
976 1038 1101 1100 ree,
1144 1021 1217 1083 ut
1260 1017 1383 1081 scri
1430 1020 1534 1081 tor
1576 1016 1815 1099 cyclius
1859 1016 2042 1081 ohm:

492 1098 868 1166 ‘Fortunam
1002 1101 1149 1166 'ami
1191 1105 1381 1167 canta
1426 1122 1464 1166 o
1510 1104 1575 1166 et
1614 1100 1833 1166 nobile
1874 1100 2159 1166 bellum’.

486 1183 655 1261 Quid
698 1185 965 1272 dignum
1005 1187 1187 1250 tanto
1230 1185 1393 1251 feret
1433 1185 1541 1250 hic
1582 1185 1932 1282 promissor
1977 1184 2205 1250 hiatu?

485 1268 861 1334 Parturiunt
899 1273 1177 1353 montes,
1219 1273 1517 1335 nascetur
1558 1269 1861 1335 ridiculus
1904 1290 2067 1333 mus.

361 1366 460 1416 140
489 1353 742 1430 Quanto
784 1354 1018 1420 rectius
1061 1352 1167 1420 hic
1178 1401 1199 1437 ,
1246 1354 1355 1437 qui
1396 1353 1493 1418 nil
1534 1354 1799 1418 molitur
1838 1353 2084 1438 inepte:

484 1436 608 1503 Dic
628 1437 807 1523 mihi,
836 1437 1041 1522 Musa,
1071 1439 1297 1521 virum,
1328 1459 1403 1503 ca
1446 1440 1549 1502 tae
1576 1440 1728 1521 post
1753 1440 2043 1521 tempora
2057 1435 2301 1505 Troiae

487 1521 611 1597 Qui
652 1544 862 1588 mores
903 1522 1236 1588 hominum
1278 1544 1345 1587 m
1413 1525 1626 1587 torum
1669 1521 1830 1587 vidit
1872 1524 1937 1586 et
1977 1521 2188 1586 urbes.

484 1605 638 1672 Non
679 1606 926 1670 fumum
956 1628 1033 1670 ex
1049 1606 1353 1691 ⁸fulgore,
1399 1605 1511 1670 sed
1542 1627 1619 1671 ex
1662 1606 1840 1670 fumo
1885 1605 2035 1671 dare
2076 1606 2299 1672 lucem

486 1688 777 1775 Cogitat,
819 1692 895 1753 ut
935 1689 1225 1774 speciosa
1269 1689 1498 1755 dehinc
1539 1690 1850 1755 miracula
1933 1693 2173 1772 romat,

360 1785 457 1837 145
486 1774 888 1858 Antiphaten
899 1773 981 1839 Sc
1024 1774 1303 1858 llamque
1322 1777 1388 1839 et
1410 1796 1555 1840 cum
1570 1774 1767 1858 Cyclo
1814 1796 1849 1839 e
1915 1774 2303 1862 harybdim3

482 1857 549 1924 N
549 1879 623 1923 ec
664 1858 937 1923 reditum
1043 1859 1311 1924 iomedis
1354 1859 1433 1924 ab
1476 1859 1741 1924 interitu
1767 1798 2122 1944 {deleagrss

481 1942 620 2011 Nec
661 1944 918 2030 gemino
962 1943 1202 2010 bellum
1243 1943 1591 2009 Troianum
1633 1943 1880 2010 orditur
1921 1942 2002 2008 ab
2046 1962 2201 2029 ovo;

488 2027 752 2114 Semper
794 2030 876 2093 ad
920 2032 1214 2094 eventum
1256 2029 1525 2093 festinat
1566 2031 1633 2093 et
1673 2029 1744 2092 in
1785 2028 2025 2093 medias
2067 2049 2174 2092 res

480 2111 546 2178 N
549 2134 636 2177 on
678 2134 859 2178 secus
902 2134 978 2177 ac
1018 2116 1207 2178 notas
1252 2113 1608 2177 auditorem
1649 2113 1821 2197 rapit
1861 2116 1927 2177 et
1968 2133 2128 2196 quae

359 2208 458 2259 150
484 2195 799 2280 Desperat
839 2199 1116 2262 tractata
1155 2197 1468 2262 nitescere
1509 2218 1727 2281 posse,
1768 2196 2103 2281 relinquit,

479 2281 693 2363 Atque
736 2280 829 2345 ita
869 2280 1202 2364 mentitur,
1247 2282 1341 2346 sic
1383 2282 1550 2346 veris
1592 2282 1758 2346 falsa
1796 2281 2120 2364 remiscet,

480 2363 697 2429 Primo
739 2386 823 2430 ne
864 2365 1171 2448 medium,
1217 2364 1428 2459 medio
1471 2385 1555 2431 ne
1599 2365 1916 2450 discrepet
1956 2365 2178 2430 imum.

479 2446 606 2531 Tu,
651 2448 804 2531 quid
846 2470 967 2534 ego
1012 2452 1079 2515 et
1116 2449 1393 2534 populus
1436 2471 1685 2515 mecum
1730 2449 2068 2531 desideret,
2111 2450 2299 2517 audi.

481 2530 550 2597 Si
589 2531 866 2615 plosoris
909 2554 1059 2618 eges
1102 2534 1330 2600 aulaea
1369 2535 1689 2599 manentis
1733 2537 1800 2599 et
1838 2554 2038 2617 usque

353 2627 451 2678 155
483 2613 761 2699 Sessuri,
806 2617 1009 2681 donec
1053 2620 1278 2682 cantor
1323 2626 1461 2683 ‘vos
1503 2619 1808 2703 plaudite'
1855 2617 2055 2683 dicat:

477 2700 728 2765 Aetatis
773 2700 1074 2785 cuiusque
1117 2702 1385 2766 notandi
1429 2704 1580 2767 sunt
1620 2702 1742 2766 tibi
1783 2722 2024 2786 mores,

478 2783 947 2868 Mobilibusque
992 2785 1210 2868 decor,
1255 2786 1522 2851 maturis
1567 2785 1811 2850 dandus
1856 2789 1922 2851 et
1963 2787 2174 2851 annis,

475 2867 763 2934 Reddere
807 2870 917 2953 qui
957 2891 1147 2936 voces
1188 2870 1321 2946 iam
1365 2870 1487 2935 scit
1528 2891 1686 2954 puer
1728 2873 1793 2935 et
1880 2870 1995 2935 ede
2040 2873 2222 2936 certo

477 2951 708 3038 Signat
747 2952 1041 3039 humum,
1097 2955 1296 3040 gestit
1339 2954 1603 3038 paribus
1647 2956 1817 3020 collu
1861 2976 1965 3020 ere
2009 2956 2077 3019 et
2115 2955 2298 3021 iram

352 3048 452 3098 160
481 3035 574 3102 Co
631 3037 644 3051 ⁸
699 3036 748 3101 ‘t
789 3058 866 3102 ac
906 3039 1092 3122 ponit
1133 3042 1372 3104 temere
1416 3041 1482 3103 et
1522 3042 1802 3104 mutatur
1842 3039 1914 3103 in
1954 3038 2167 3104 horas·

474 3119 668 3185 Inber
713 3143 789 3186 us
831 3122 1077 3188 iuvenis
1121 3123 1381 3188 tandem
1426 3123 1686 3189 custode
1728 3125 1974 3188 remoto

477 3204 729 3270 Gaudet
767 3207 945 3290 equis
976 3207 1364 3291 canibusque
1395 3208 1460 3273 et
1488 3208 1686 3305 aprici
1725 3207 2016 3293 gramine
2046 3209 2298 3293 campi,

476 3287 712 3354 Cereus
755 3291 826 3354 in
866 3290 1094 3356 vitium
1134 3290 1336 3375 flecti,
1379 3291 1799 3357 monitoribus
1844 3312 2029 3375 asper
2042 3338 2063 3374 ,

474 3371 746 3437 Vtilium
786 3374 1007 3439 tardus
1048 3375 1370 3459 provisor,
1413 3376 1720 3461 prodigus
1764 3375 1958 3458 aeris,

348 3467 446 3518 105
477 3454 780 3521 Sublimis
825 3458 1214 3543 cupidusque
1263 3464 1328 3525 et
1369 3462 1581 3525 amata
1619 3459 1976 3544 relinquere
2028 3462 2298 3544 pernix.
