2514 3950
355 167 513 225 Lxx
1026 164 1597 225 PROLEGOMENA.

359 315 740 379 scribendum
783 318 890 377 sub
932 318 1097 377 nube.
1177 316 1287 392 Ep.
1323 335 1363 391 1,
1406 319 1505 392 16,
1546 317 1626 375 62
1674 319 1890 375 noctem
1921 318 2177 389 peccatis
2222 321 2276 376 et

359 407 673 481 fraudibus
716 406 867 464 obice
910 407 1132 464 nubem.

499 496 537 553 3
550 539 566 568 ,
612 494 738 553 459
754 538 769 566 ,
817 494 901 552 60
959 494 1087 553 licet
1131 485 1487 552 ‘succurrite'
1535 493 1767 565 zonyum
1812 492 2027 551 clamet.
2114 491 2272 551 Huic

363 581 575 641 similis
619 581 798 656 plane
841 597 911 640 ae
953 599 1066 656 par
1112 582 1206 639 est
1247 581 1414 640 loeus
1454 577 1840 655 Vergilianus
1888 575 2021 654 [ecl.
2059 581 2118 655 3,
2158 576 2270 655 79]

362 674 418 730 et
459 671 690 744 lonywm
733 670 980 741 formose
1023 669 1177 736 vale,
1221 669 1377 735 vale,
1422 669 1630 740 inquit,
1673 667 1847 726 Iolla.

498 759 557 833 3,
595 758 744 829 468,
783 758 863 815 69
910 773 1015 816 nec
1056 757 1227 817 semel
1269 757 1372 814 hoc
1416 756 1565 828 fecit,
1609 771 1713 814 nec
1754 757 1809 814 si
1841 758 2123 814 retractus
2167 757 2273 814 erit

360 846 484 905 iam
526 846 627 916 fiet
667 844 846 904 homo,
935 843 1096 904 Illud
1149 847 1274 904 iam
1324 842 1539 901 melius
1595 860 1731 900 eum
1773 859 1954 901 versu
2000 843 2271 917 sequenti

362 931 651 1007 iungitur.

499 1048 623 1114 Sed
663 1048 1094 1130 difficultates,
1134 1047 1369 1132 quibus
1396 1048 1700 1112 laborant
1726 1047 1989 1112 Horatii
2016 1048 2273 1132 scripta,

365 1159 588 1203 omnes
637 1159 756 1222 exp
760 1137 933 1202 edire
971 1158 1118 1201 cum
1152 1157 1362 1220 neque
1398 1135 1683 1200 hominis
1722 1137 1811 1200 sit
1842 1135 2031 1200 unius
2070 1172 2154 1183 —
2191 1158 2275 1201 ne

365 1226 422 1291 si
454 1225 789 1290 Bentleius
838 1224 1099 1309 quidem
1144 1223 1272 1287 erit
1308 1260 1393 1270 —
1430 1245 1641 1308 neque
1678 1224 1941 1304 aetatis,
1990 1223 2094 1288 his
2141 1225 2275 1288 iam

367 1313 735 1398 acquiescat
789 1313 1123 1377 doctorum
1170 1310 1596 1397 indulgentia.
1687 1308 1933 1386 Quibus
1980 1311 2276 1413 equidem

365 1405 440 1466 ut
492 1405 667 1466 recte
719 1403 1018 1482 utantur,
1081 1420 1335 1483 semper
1396 1403 1658 1484 oportet
1716 1420 1827 1465 eos
1885 1399 2278 1482 meminisse,

367 1490 539 1572 quod
586 1488 772 1552 dixi
752 1510 823 1551 m
865 1488 1007 1552 vita
1039 1485 1381 1551 Ritsehelii
1415 1508 1521 1572 pg.
1549 1487 1654 1568 64,
1697 1508 1830 1551 non
1872 1508 2065 1572 posse
2105 1488 2278 1587 exigi

368 1600 408 1640 a
444 1577 690 1659 critice,
735 1575 847 1657 qui
889 1575 960 1659 ιιι
994 1575 1384 1661 refingendis
1420 1577 1718 1641 versatur
1750 1577 2045 1640 veterum
2082 1575 2279 1660 serip-

365 1665 472 1748 tis,
518 1668 593 1728 ut
638 1664 877 1747 ubique
921 1662 1068 1747 ipsa
1112 1664 1394 1728 auctoris
1439 1662 1748 1727 restituat
1791 1663 2009 1746 verba,
2054 1662 2166 1727 sed
2204 1669 2282 1729 ut

369 1752 530 1816 artis
585 1752 766 1836 leges
825 1773 1019 1834 quam
1073 1752 1413 1816 minimum
1463 1750 1683 1815 violet.
1775 1748 2017 1826 Quodsi
2062 1752 2281 1816 existi-

367 1839 612 1904 marint
656 1838 895 1903 iudices
942 1838 1291 1923 prudentes
1327 1839 1396 1903 in
1430 1859 1501 1902 re
1541 1839 1822 1924 gerenda
1858 1860 1935 1903 ea
1968 1859 2089 1903 nos
2122 1861 2282 1905 usos

369 1926 711 2012 disciplina
757 1948 834 1993 ae
876 1927 1146 2011 ratione,
1191 1931 1269 1993 ut
1312 1925 1557 2012 partim
1600 1926 1728 2011 ipsi
1771 1948 1996 1992 verum
2037 1927 2284 1993 inveni-

366 2037 584 2080 remus
622 2016 747 2097 vel‚
789 2015 858 2079 id
893 2016 1066 2100 quod
1102 2017 1312 2081 multo
1351 2016 1608 2099 saepius
1646 2015 1897 2098 accidit,
1939 2016 2285 2084 inventum

370 2104 453 2168 ab
502 2103 652 2168 aliis
700 2125 815 2168 suo
860 2106 1351 2170 restitueremus
1399 2102 1651 2186 honori,
1693 2103 1937 2187 partim
1984 2104 2127 2168 aliis
2177 2104 2285 2169 de·

368 2194 879 2257 monstraremus
937 2195 1138 2275 viam,
1213 2213 1342 2274 qua
1398 2191 1604 2254 iretur
1663 2191 1744 2255 ad
1802 2212 2054 2276 verum,
2118 2194 2287 2306 satis

364 2300 688 2363 superque
731 2280 910 2345 beati
952 2280 1145 2346 nobis
1190 2278 1573 2343 videbimur.

500 2366 756 2435 Dabam
798 2367 1134 2453 Petropoli
1176 2366 1306 2430 kal.
1340 2364 1478 2429 Iun.
1518 2388 1573 2429 a
1610 2384 2078 2432 MDCCCLXXIX.
