2514 3950
309 143 394 209 92
1051 145 1444 203 CARMINVM
2124 141 2246 216 [vt

436 311 658 395 Nupta
698 311 827 375 iam
872 309 1043 374 dices
1087 313 1231 394 ‘ego
1277 307 1375 373 dis
1419 307 1723 392 amicum,

442 395 705 460 Saeculo
750 394 945 459 festas
987 393 1302 458 referente
1345 390 1547 473 luces,

439 478 712 545 Reddidi
755 499 1011 544 carmen
1051 476 1275 541 docilis
1320 475 1653 540 modorum

523 563 706 628 Vatis
749 562 1023 627 Horati.’
1623 564 1628 567 ⁴

1194 765 1355 839 VH.

438 882 616 947 Diffu
664 903 766 946 ere
806 881 1018 964 nives,
1061 879 1331 945 redeunt
1371 879 1499 943 iam
1541 878 1832 964 gramina
1875 877 2115 962 campis

525 903 1003 1049 Arioribusque
1049 984 1300 1048 comae3

439 1049 650 1115 Mutat
689 1052 860 1114 terra
900 1049 1068 1114 vices
1113 1051 1178 1113 et
1220 1047 1649 1112 decrescentia
1690 1047 1859 1130 ripas

523 1133 822 1201 Flumina
861 1136 1296 1218 praetereunt3

311 1262 347 1314 5
444 1251 664 1317 Gratia
707 1273 850 1317 cum
881 1250 1054 1334 Nym
1099 1249 1200 1314 his
1243 1249 1641 1335 geminisque
1686 1247 2030 1312 sororibus
2051 1245 2246 1311 audet

523 1334 772 1401 Ducere
813 1334 986 1400 nuda
1029 1356 1064 1399 c
1111 1355 1278 1398 oros,
1901 1344 1935 1406 j

439 1419 814 1484 Inmortalia
853 1440 936 1482 ne
979 1439 1194 1502 speres
1208 1467 1225 1500 ,
1269 1420 1492 1482 monet
1534 1438 1737 1482 annus
1784 1418 1848 1480 et
1889 1414 2127 1479 almum

527 1503 701 1579 Quae
741 1503 911 1585 rapit
951 1501 1113 1566 hora
1156 1501 1341 1565 diem.

439 1620 548 1684 Fri
596 1640 709 1683 ora
748 1619 1093 1683 mitescunt
1132 1617 1468 1702 Zephyris,
1513 1639 1622 1682 ver
1665 1617 1937 1701 proterit
1978 1617 2183 1681 aestas

317 1718 382 1766 ιο
608 1703 872 1767 teritura
883 1751 901 1785 ,
947 1703 1138 1766 simul

438 1787 722 1851 Pomiser
764 1789 1102 1851 autumnus
1145 1786 1363 1870 fruges
1410 1783 1727 1868 effuderit,
1773 1786 1837 1849 et
1878 1806 2028 1848 mox

523 1869 764 1935 Bruma
804 1871 1074 1936 recurrit
1114 1871 1304 1935 inerS.

439 1988 692 2054 Damna
729 1993 945 2055 tamen
989 1990 1221 2055 celeres
1264 1991 1563 2073 reparant
1606 1987 1903 2053 caelestia
1945 1987 2163 2071 lunae3

523 2073 662 2140 Nos
737 2074 849 2137 ubi
892 2074 1239 2138 decidimus
1250 2122 1271 2157 ‚
1783 2093 1786 2096 ·

316 2169 380 2219 15
445 2157 808 2304 Qquufater
850 2156 1133 2240 Aeneas,
1179 2177 1304 2240 quo
1351 2156 1525 2221 dives
1569 2155 1789 2220 Tullus
1834 2157 1899 2219 et
1938 2155 2191 2239 AncuS,

645 2241 741 2304 vis
786 2242 851 2303 et
890 2240 1116 2305 umbra
1157 2262 1393 2305 sumus.

440 2356 596 2433 Quis
641 2357 765 2422 scit
804 2368 889 2422 an
931 2356 1211 2423 adiciant
1228 2365 1233 2370 ’
1250 2355 1594 2422 hodiernae
1639 2356 1916 2423 crastina
1959 2375 2244 2421 summae

524 2439 840 2525 Tempora
883 2440 951 2506 di
994 2441 1252 2539 superi?

441 2523 687 2590 Cuncta
729 2546 956 2590 manus
986 2526 1200 2591 av1das
1243 2526 1501 2611 fugient
1541 2525 1822 2609 heredis,
1867 2524 2070 2589 amico

313 2619 380 2670 20
527 2607 700 2684 Quae
744 2609 989 2674 dederis
1033 2611 1265 2674 animo.

441 2723 604 2791 Cum
647 2728 844 2792 semel
887 2727 1192 2793 occideris
1236 2730 1302 2791 et
1344 2726 1422 2792 de
1464 2728 1532 2791 te
1575 2726 1909 2810 splendida
1951 2725 2163 2802 Minos

521 2809 772 2875 Fecerit
813 2811 1101 2895 arbitria,

437 2892 620 2977 Non,
668 2893 1016 2979 Torquate,
1059 2916 1296 2981 genus,
1336 2915 1471 2960 non
1513 2896 1578 2966 te
1622 2894 1948 2978 facundia,
1999 2914 2135 2957 non
2175 2895 2246 2959 te

521 2976 843 3043 Restituet
882 2981 1115 3063 pietas:
2063 2979 2070 2982 ’

310 3106 377 3155 25
441 3094 720 3158 Infernis
763 3117 968 3243 ΠἙΞΙΒ
1012 3099 1182 3161 enim
1226 3096 1507 3161 tenebris
1551 3094 1762 3159 Diana
1803 3094 2106 3179 pudicum

521 3177 780 3243 Liberat
908 3181 1274 3264 ppolytiirn,

435 3260 502 3328 N
505 3282 576 3326 ec
616 3261 898 3327 Lethaea
939 3264 1109 3328 valet
1149 3263 1432 3329 Theseus
1478 3264 1853 3348 abrumpere
1898 3283 2040 3327 caro

520 3344 796 3411 Vincula
837 3346 1143 3412 Pirithoo,
