2514 3950
262 207 379 278 m.]
1050 209 1268 265 mnan
1309 210 1381 266 11.
2060 202 2182 269 231

262 369 642 455 Indignatur
682 371 837 436 item
878 370 1143 456 privatis
1187 392 1264 437 ac
1306 393 1507 456 prope
1550 393 1737 438 socco
2117 382 2189 434 90

261 452 492 539 Dignis
537 456 920 521 carminibus
963 457 1212 520 narrari
1257 476 1418 520 cena
1458 455 1795 540 Thyestae.

262 536 529 623 Singula
572 560 853 624 quaeque
896 541 1107 606 locum
1149 543 1415 606 teneant
1443 542 1669 606 sortita
1711 540 2056 604 decentem.

259 621 588 687 Interdum
642 627 858 688 tamen
909 628 973 690 et
1013 645 1235 689 vocem
1281 624 1608 689 comoedia
1647 624 1852 708 tollit,

260 706 592 791 Iratusque
636 707 938 774 Chremes
980 710 1225 774 tumido
1272 709 1569 795 delitigat
1609 729 1749 794 ore;

257 790 345 855 Et
385 792 666 877 tragicus
754 794 1079 878 lerumque
1123 795 1301 859 dolet
1327 815 1619 858 sermone
1660 792 1941 877 pedestri
2118 802 2186 854 95

258 874 573 959 Telephus
618 879 685 941 et
766 879 938 942 eleus
950 927 969 961 ‚
1015 900 1159 943 cum
1198 899 1447 975 pauper
1476 881 1541 943 et
1573 878 1752 943 exsul
1793 880 2059 961 uterque

257 958 497 1025 Proicit
538 962 852 1044 ampullas
897 964 962 1025 et
1004 962 1469 1044 sesquipedalia
1509 962 1730 1045 verba,

260 1041 329 1106 Si
373 1046 555 1106 curat
597 1064 708 1107 cor
750 1044 1096 1127 spectantis
1137 1046 1430 1129 tetigisse
1480 1046 1778 1129 querella.

259 1124 412 1189 Non
440 1126 597 1190 satis
627 1130 726 1190 est
765 1127 1035 1211 pulchra
1078 1149 1216 1192 esse
1259 1132 1581 1212 poemata3
1628 1128 1836 1193 dulcia
1868 1132 2058 1193 sunto

259 1208 363 1293 Et,
410 1231 806 1307 quocumque
847 1211 1084 1296 volent,
1130 1213 1415 1277 animum
1445 1212 1752 1276 auditoris
1796 1214 2056 1297 agunto.
2089 1224 2189 1275 100

260 1292 351 1358 Vt
392 1294 748 1360 ridentibus
792 1295 1104 1380 arrident,
1151 1297 1243 1360 ita
1283 1297 1583 1362 flentibus
1628 1296 1867 1360 adflent

259 1377 544 1443 Humani
587 1380 829 1443 voltus:
874 1381 930 1444 si
973 1381 1070 1444 vis
1114 1402 1216 1446 me
1257 1381 1411 1446 flere
1424 1430 1445 1465 ‚
1491 1380 1896 1444 dolendumst

258 1462 543 1527 Primum
573 1464 696 1547 ipsi
736 1464 890 1528 tibi:
933 1466 1072 1528 tum
1099 1467 1211 1529 tua
1238 1486 1342 1529 me
1384 1465 1738 1529 infortunia
1778 1464 2061 1546 laedent,

259 1546 538 1630 Telephe
581 1548 684 1612 vel
726 1546 949 1632 Peleu3
994 1550 1161 1614 male
1208 1550 1263 1614 si
1307 1549 1612 1613 mandata
1653 1548 1961 1633 loqueris,

256 1632 392 1695 Aut
434 1631 791 1696 dormitabo
834 1635 945 1696 aut
985 1633 1227 1698 ridebo.
1316 1633 1553 1698 Tristia
1591 1636 1904 1698 maestum
2093 1642 2188 1694 105

258 1714 524 1780 Voltum
566 1717 762 1782 verba
805 1717 1060 1800 decent,
1101 1718 1336 1782 iratum
1378 1719 1571 1802 plena
1611 1718 1958 1801 minarum,

257 1799 610 1864 Ludentem
650 1802 918 1882 lasciva,
963 1822 1250 1865 severum
1294 1803 1461 1866 seria
1502 1801 1697 1866 dictu.

258 1883 524 1947 Format
566 1884 738 1946 enim
780 1887 1011 1946 natura
1051 1885 1228 1967 prius
1271 1905 1392 1948 nos
1434 1886 1618 1948 intus'
1655 1885 1737 1948 ad
1780 1906 2034 1948 omnem

259 1966 687 2032 Fortunarum
728 1967 1049 2052 habitum,
1094 1969 1274 2033 iuvat
1304 1971 1416 2033 aut
1455 1969 1525 2032 in
1572 1968 1710 2034 ellit
1747 1968 1827 2032 ad
1870 1969 2032 2032 iram
2041 2017 2062 2052 ‚

258 2052 396 2115 Aut
437 2051 518 2114 ad
557 2050 822 2116 humum
865 2073 1148 2117 maerore
1190 2055 1372 2139 gravi
1415 2053 1493 2117 de
1537 2053 1672 2117 ucit
1714 2056 1780 2117 et
1820 2053 2032 2138 angit3
2091 2065 2191 2116 110

259 2134 420 2200 Post
462 2135 643 2200 effert
685 2137 883 2208 animi
924 2140 1138 2201 motus
1180 2138 1527 2221 interprete
1569 2138 1812 2223 ling-ua.

262 2218 333 2285 Si
377 2219 646 2285 dicentis
691 2223 878 2285 erunt
918 2221 1193 2286 fortunis
1237 2222 1482 2287 absona
1524 2221 1697 2287 dicta
1707 2271 1726 2304 ,

259 2303 537 2368 Romani
576 2305 809 2370 tollent
849 2306 1091 2390 equites
1133 2306 1504 2391 peditesque
1547 2306 1948 2372 cachinnum.

242 2387 560 2455 ,Intererit
600 2390 901 2474 multum,
944 2390 1209 2455 divusne
1251 2392 1551 2474 loquatur
1593 2410 1679 2453 an
1719 2389 1938 2474 heros,

259 2471 634 2537 Maturusne
677 2495 872 2538 senex
914 2495 997 2537 an
1039 2473 1247 2538 adhuc
1289 2474 1555 2539 florente
1595 2475 1855 2539 iuventa
2092 2486 2190 2538 115

258 2555 568 2620 Fervidus
578 2605 597 2640 ,
643 2560 709 2621 et
749 2560 1045 2621 matrona
1086 2560 1317 2641 potens
1361 2579 1446 2622 an
1489 2558 1706 2623 sedula
1745 2559 1989 2642 nutrix,

259 2639 665 2705 Mercatorne
709 2663 908 2726 vagus
954 2642 1241 2706 cultorne
1284 2642 1548 2707 virentis
1592 2643 1816 2728 agelli,

259 2723 541 2789 Colchus
586 2745 671 2788 an
711 2725 1042 2808 Assyrius,
1087 2724 1325 2790 Thebis
1366 2727 1646 2790 nutritus
1690 2747 1777 2789 an
1817 2726 2033 2810 Argis.

257 2809 396 2872 Aut
436 2808 676 2873 famam
719 2831 981 2894 sequere
1023 2812 1135 2874 aut
1177 2810 1303 2874 sibi
1346 2809 1793 2874 convenientia
1832 2810 2024 2893 finge.

259 2892 550 2977 Scriptor
589 2893 1041 2959 Homeriacum
1085 2895 1142 2957 si
1181 2894 1350 2957 forte
1390 2893 1648 2976 reponis
1691 2891 2042 2981 Achillem:
2092 2905 2193 2958 120

256 2976 550 3063 Inpiger,
594 2979 965 3061 iracundus,
1010 2976 1453 3061 inexorabilis,
1499 2996 1645 3041 acer

257 3059 411 3124 Iura
450 3083 532 3126 ne
581 3064 647 3126 et
687 3062 813 3127 sibi
854 3066 1034 3144 nata,
1077 3060 1243 3124 nihil
1284 3081 1420 3124 non
1462 3082 1605 3126 arro
1656 3063 1721 3126 et
1762 3062 1974 3126 armis.

260 3143 362 3208 Sit
402 3083 629 3210 Medgea
668 3146 850 3212 ferox
892 3146 1250 3229 invictaque
1264 3193 1283 3229 ,
1326 3145 1556 3210 flebilis
1681 3167 1751 3229 0,

257 3227 547 3294 Perfidus
590 3229 802 3314 Ixion,
847 3230 921 3294 Io
965 3251 1157 3314 vaga,
1199 3230 1403 3294 tristis
1448 3229 1725 3295 Orestes.

260 3310 486 3395 Siquid
528 3312 633 3376 ine
720 3319 928 3380 ertum
973 3335 1239 3379 scaenae
1283 3316 1608 3379 conmittis
1653 3316 1719 3378 et
1761 3314 1956 3380 audes
2092 3327 2193 3379 125

256 3395 612 3460 Personam
681 3419 927 3464 ormare
969 3419 1233 3464 novam:
1279 3402 1564 3464 servetur
1608 3398 1689 3461 ad
1730 3399 1961 3482 imum,

258 3480 481 3557 Qualis
527 3481 607 3545 ab
649 3483 905 3569 incepto
948 3485 1361 3569 processerit,
1405 3487 1470 3550 et
1512 3482 1638 3548 sibi
1679 3486 1948 3548 constet.
