2514 3950
424 196 656 252 LXVIII
1098 192 1662 250 PROLEGOMENA.

558 348 625 418 3,
674 347 757 404 59
802 360 1103 402 nummum
1146 346 1311 403 recte
1356 342 1664 419 LuisinuS,
1708 361 1915 403 nomen
1957 363 2015 403 v.

558 436 614 507 3,
655 434 735 492 63
777 451 862 506 sq.
907 434 1026 490 sive
1067 436 1326 505 receptus
1370 436 1528 492 terra
1563 430 1870 506 Neptunus
1905 433 2119 492 classes
2149 430 2316 507 Aqui-

423 517 650 581 lonibus
703 524 881 586 arcet,
936 521 1090 593 reyis
1137 537 1283 593 opus
1336 523 1444 579 etc.
1529 518 1718 578 Credo
1765 519 1950 579 nimia
2003 530 2177 579 usum
2226 541 2316 580 an-

423 609 646 669 xietate
690 606 897 666 mirari
931 606 1298 666 Meinekium
1333 606 1530 683 regis
1570 606 1987 684 appellatione,
2029 626 2204 683 quam
2235 628 2316 669 re-

421 697 650 774 fugerit
714 714 973 772 semper,
1037 696 1148 754 hoc
1206 696 1336 754 loco
1393 693 1715 769 significari
1761 694 2135 770 Augustum,
2194 716 2317 756 cum

422 785 778 845 vocabulum
823 784 985 842 istud
1028 783 1271 842 minime
1319 782 1395 841 ad
1438 785 1800 857 potestatem
1846 783 2051 857 huiusi,
2107 785 2209 843 sed
2250 786 2321 843 ad

422 871 924 949 magnificentiam
963 869 1379 930 declarandam
1415 869 1749 929 adhibitum
1786 889 1917 931 esse
1954 875 2048 931 sat
2084 875 2321 932 constet.

422 961 518 1020 Ita
562 959 709 1019 alibi
757 957 833 1034 [e.
868 978 941 1035 11,
993 961 1101 1032 14,
1152 962 1250 1018 11.
1303 954 1412 1032 12]
1458 959 1578 1018 sive
1620 976 1781 1033 reyes
1823 961 1944 1019 sive
1985 962 2183 1034 inopes
2223 963 2321 1020 eri·

422 1066 552 1108 mus
597 1049 810 1118 coloni‚·
853 1065 960 1106 nec
1006 1045 1202 1105 minus
1251 1043 1327 1104 de
1363 1045 1647 1105 Romanis
1684 1046 2124 1106 luxuriantibus
2166 1044 2236 1123 [s.
2263 1067 2324 1123 11,

427 1139 484 1209 2,
523 1133 635 1211 44]
681 1137 922 1195 necdum
967 1137 1155 1193 omnis
1190 1135 1398 1194 abacta
1430 1137 1745 1208 pauperies
1782 1137 1966 1209 epulis
1999 1150 2213 1210 reynm,
2258 1139 2325 1196 ut

425 1224 643 1283 similia
686 1224 974 1299 pleraque
1018 1221 1274 1280 mittam.

558 1314 617 1385 3,
661 1311 742 1371 65
789 1313 943 1384 reqis
986 1327 1130 1382 opus
1173 1308 1452 1369 sterilisve
1494 1310 1597 1370 din
1629 1310 1814 1383 palus
1857 1314 2106 1385 aptaque
2139 1314 2325 1372 remis.

423 1400 537 1459 Hie
589 1400 922 1459 inveterato
976 1395 1189 1456 mendo
1246 1388 1411 1475 (nam
1468 1400 1530 1456 et
1580 1397 1819 1457 Servius
1875 1401 1938 1458 et
1990 1398 2327 1460 Priscianus

424 1489 756 1564 agnoscunt
794 1476 1133 1562 vulgatam)
1178 1484 1616 1561 pyrrichiacum
1659 1487 1903 1545 effertur
1930 1487 2129 1560 palus.
2200 1488 2331 1547 Iam

423 1594 558 1634 cum
597 1575 699 1635 vix
731 1572 925 1649 possit
967 1572 1191 1649 reponi,
1237 1574 1397 1649 quod
1434 1573 1660 1650 placuit
1695 1571 1977 1647 Gesner-0,
2012 1574 2196 1649 palus
2229 1578 2333 1636 din

425 1657 593 1742 (nam
646 1661 789 1721 talis
843 1660 1044 1720 hiatus
1101 1662 1438 1738 exemplum
1491 1679 1586 1736 ap.
1630 1660 1775 1721 Hor.
1822 1680 1942 1721 non
1984 1656 2330 1744 invenitur),

419 1752 676 1826 apparet
728 1747 951 1823 aliquid
1012 1747 1077 1806 in
1128 1750 1240 1810 hoc
1293 1767 1474 1809 versu
1528 1748 1673 1807 olim
1731 1750 2016 1809 omissum
2080 1754 2141 1809 et
2194 1770 2336 1811 mox

423 1839 625 1913 inepte
681 1837 1039 1912 suppletum.
1118 1837 1209 1896 Ac
1265 1836 1471 1896 dubito
1524 1837 1900 1913 plerumque,
1957 1838 2335 1898 scribendum
2465 1842 2471 2132 Κ

424 1926 505 1987 sit
557 1943 691 1986 cum
744 1924 1016 1986 Bentleio
1075 1927 1354 1986 sterilisve
1402 1924 1587 1998 palas
1626 1928 1804 2000 prins
1856 1930 2102 2000 aptaque
2155 1930 2336 1988 remis

422 2034 502 2075 an
544 2014 699 2090 quod
744 2013 890 2073 mihi
944 2014 1111 2075 venit
1162 2014 1227 2073 in
1279 2017 1540 2073 mentem
1592 2015 1870 2074 sterilisve
1912 2015 2095 2088 palus
2149 2018 2336 2089 aqita-

422 2109 591 2177 taque
632 2105 822 2163 remis.
1954 2166 1966 2178 ‚

558 2192 595 2250 3
610 2234 626 2265 ,
674 2192 755 2249 92
810 2190 1041 2266 sinyala
1094 2205 1349 2261 quaeqae
1393 2189 1578 2247 locum
1622 2193 1848 2248 teneant
1889 2192 2091 2249 sortita
2134 2191 2339 2250 decen-

422 2283 548 2338 tem.
625 2276 798 2338 Hunc
841 2300 898 2339 v.
943 2275 1337 2337 traiciendum
1379 2277 1517 2350 post
1565 2277 1645 2335 98
1694 2276 2134 2337 demonstrasse
2180 2278 2342 2337 mihi

422 2366 629 2425 videor
670 2367 806 2425 lect.
841 2366 986 2425 Hor.
1028 2364 1174 2424 718.

558 2454 595 2513 3
608 2499 623 2530 ,
675 2457 794 2515 101
858 2457 924 2512 ut
966 2450 1285 2511 ridentibus
1328 2450 1610 2518 arrident,
1656 2453 1740 2511 ita
1783 2454 2050 2524 flentibus
2097 2452 2342 2524 adflent.

422 2539 660 2613 Adtlent
724 2560 796 2600 ex
864 2536 1254 2615 grammatico
1313 2536 1698 2614 vigorniensi
1767 2537 1933 2598 dedit
2001 2539 2346 2616 BentleiuS,
2469 2591 2470 2600 ,

423 2648 599 2704 quem
653 2627 842 2687 secuti
896 2642 1120 2686 sumus.
1207 2622 1442 2686 Adswnt
1496 2627 1765 2702 plerique
1825 2644 1960 2685 cum
2013 2621 2346 2688 Meinekio.

557 2718 617 2790 3,
648 2718 775 2775 120
811 2715 1056 2786 scriptor
1089 2711 1475 2774 homeliac'wm
1509 2717 1565 2775 si
1597 2717 1747 2788 forte
1774 2716 2004 2787 reponis
2028 2713 2348 2777 Achillem.

421 2803 835 2863 Homeriacum
886 2801 986 2859 vel
1038 2800 1360 2862 honterenm
1411 2802 1749 2879 Bentleius,
1770 2867 1782 2874 ,
1806 2801 2146 2861 honoratum
2205 2804 2353 2864 odd.
2469 2801 2470 2872 ἶ

421 2891 692 2951 Priorem
726 2887 1118 2965 praetulimus
1153 2889 1408 2949 formam
1448 2893 1518 2949 ut
1555 2893 1618 2949 et
1651 2888 1896 2964 propius
1934 2888 2276 2950 distantem
2316 2912 2358 2951 a

346 3055 349 3058 Ι
419 2980 658 3038 traditis
697 2979 759 3035 et
794 2976 1061 3051 exemplo
1097 2976 1400 3038 firmatam
1436 2977 1691 3051 Priapei,
1734 2976 1799 3035 in
1836 2994 1953 3051 quo
1991 2979 2085 3036 est
2118 2976 2357 3040 Home·

416 3070 615 3127 riacas
650 3063 961 3136 edidieiqne
993 3070 1192 3138 notaa-
1226 3066 1333 3125 ubi
1368 3066 1751 3124 membranae
1786 3062 2016 3122 habent
2049 3075 2357 3129 meracas,

552 3155 611 3228 3,
653 3149 779 3210 154
832 3150 902 3211 Si
937 3154 1193 3227 plosoris
1238 3171 1377 3228 eyes.
1449 3151 1758 3211 Bentleius
1806 3150 2072 3223 fautoris,
2130 3150 2362 3216 Peerl-

416 3240 684 3315 campius
721 3240 784 3297 et
811 3235 1139 3301 Memekius
1175 3241 1524 3314 spectatoris,
1561 3238 1758 3297 minus
1794 3237 1977 3314 bene3
2012 3237 2149 3299 vide
2182 3260 2368 3318 quae

414 3330 694 3387 notamus
741 3327 818 3387 ad
863 3348 910 3390 c.
945 3349 996 3405 1,
1048 3331 1159 3401 15,
1197 3329 1309 3401 223
1354 3344 1451 3399 111,
1491 3327 1557 3398 6,
1599 3328 1707 3401 26,
1748 3327 1848 3387 30.

551 3416 619 3489 3,
669 3418 792 3477 157
839 3418 1088 3479 maturis
1131 3418 1205 3490 B,
1250 3413 1340 3487 M,
1386 3415 1617 3474 naturis
1660 3432 1717 3476 v.
