2514 3950
312 168 319 171 ’
375 178 497 246 128
563 127 574 141 ⁶
1125 181 1551 238 SATIRARVM
2212 183 2306 258 [ιι

498 347 630 415 Sub
672 347 958 432 patribus
1002 344 1176 411 duris
1218 345 1519 410 tironum.
1617 343 1943 410 ‘Maxime’
1991 345 2131 429 quis
2170 366 2305 410 non

498 432 861 516 ‘Iuppiterl'
893 431 1222 510 exclamat,
1253 430 1443 493 simul
1473 433 1661 512 atque
1690 430 1976 495 audivit?
2010 430 2127 493 ‘At
2145 429 2213 493 in
2236 451 2304 494 se

497 516 624 581 Pro
648 518 914 600 quaestu
935 517 1260 598 sumptum
1281 513 1438 577 facit
1450 513 1605 578 hic.’
1648 512 1778 578 Vix
1799 514 2053 578 credere
2164 514 2302 596 ssis,

372 615 441 665 20
503 600 707 676 Quam
736 600 860 665 sibi
885 620 1021 664 non
1048 599 1136 663 sit
1162 598 1402 662 amicus
1415 646 1434 681 ‚
1465 598 1556 662 ita
1577 600 1652 662 ut
1670 600 1855 680 pater
1875 598 1984 662 ifle
1994 646 2014 681 ‚
2103 598 2306 661 erenti

499 685 746 750 Fabula
787 705 975 768 quem
1016 683 1323 746 miserum
1361 684 1560 766 gnato
1603 681 1838 746 vixisse
1880 682 2106 766 fugato

498 769 783 851 Inducit‚
826 788 962 831 non
1004 787 1072 831 se
1114 766 1297 850 peius
1342 765 1715 831 cruciaverit
1756 769 1946 850 atque
1995 766 2120 830 hic.

503 853 715 936 Siquis
743 871 916 915 nunc
945 853 1206 934 quaerat
1235 855 1386 947 ‘quo
1423 871 1528 914 res
1554 849 1713 914 haec
1740 850 2088 934 pertinet?'
2119 850 2305 916 illuc:

500 937 673 1002 Dum
715 937 923 1000 vitant
964 935 1145 999 stulti
1184 935 1371 1017 vitia,
1415 934 1486 998 in
1531 934 1847 999 contraria
1889 936 2168 999 currunt.

374 1036 440 1085 25
501 1020 852 1085 Malthinus
893 1019 1130 1085 tunicis
1175 1017 1467 1083 demissis
1510 1019 1823 1104 ambulat3
1867 1021 1967 1084 est
2008 1018 2116 1102 qui

500 1105 753 1190 Inguen
797 1105 876 1168 ad
920 1105 1304 1169 obscaenum
1349 1102 1676 1168 subductis
1719 1125 1920 1200 usque
1963 1103 2227 1167 facetus.

501 1190 803 1256 Pastillos
845 1188 1116 1253 Rufillus
1162 1189 1320 1271 olet,
1366 1186 1729 1284 Gargonius
1770 1186 2037 1252 hircum.

498 1274 615 1340 Nil
643 1274 1005 1338 mediumst.
1053 1272 1218 1338 Sunt
1260 1271 1371 1355 qui
1396 1272 1611 1336 nolint
1651 1272 1942 1357 tetigisse
1969 1271 2098 1336 nisi
2139 1270 2304 1354 illae,

503 1359 784 1434 Quarum
827 1358 1089 1424 subsuta
1130 1357 1297 1420 talos
1340 1358 1520 1441 tegat
1562 1356 1788 1421 instita
1828 1359 2038 1441 veste3

376 1456 445 1506 80
507 1442 749 1509 Contra
783 1443 946 1508 alius
973 1442 1219 1507 nullam
1246 1441 1374 1505 nisi
1402 1441 1604 1505 olenti
1632 1441 1701 1504 in
1736 1440 1984 1505 fornice
2009 1441 2305 1505 stantem.

504 1527 777 1603 Quidam
819 1530 1011 1591 notus
1054 1527 1247 1590 homo
1294 1547 1441 1590 cum
1498 1525 1698 1590 exiret
1739 1525 2014 1607 fornice,
2073 1525 2307 1588 ‘macte

500 1612 756 1675 Virtute
801 1613 963 1674 esto’
1006 1610 1218 1693 inquit
1261 1610 1578 1674 sententia
1620 1610 1724 1674 dia
1760 1608 2050 1675 Catonis:

505 1695 700 1762 ‘Nam
744 1695 935 1759 simul
976 1715 1051 1759 ac
1093 1714 1288 1758 venas
1331 1694 1578 1758 inflavit
1606 1697 1780 1758 tecta
1820 1693 2054 1772 libido,

501 1779 647 1844 Huc
691 1779 951 1843 iuvenes
995 1781 1329 1863 aequumst
1372 1778 1752 1843 descendere
1765 1827 1784 1862 ‚
1830 1799 1966 1842 non
2008 1777 2252 1842 alienas

376 1877 443 1927 35
505 1862 868 1928 Permolere
909 1870 1187 1928 uxores?
1278 1862 1523 1929 ‘Nolim
1572 1862 1912 1927 laudarier’
1956 1862 2166 1945 inquit

505 1947 636 2014 ‘Sic
677 1956 804 2013 me’
849 1948 1114 2013 mirator
1158 1947 1353 2013 cunni
1398 1945 1790 2032 Cupiennius
1834 1946 1985 2012 albi.

502 2032 806 2098 Audirest
848 2054 1076 2117 operae
1117 2033 1425 2117 pretium,
1469 2032 1811 2116 procedere
1853 2035 2025 2096 recte

504 2118 629 2194 Qui
670 2116 973 2182 moechos
1002 2137 1138 2180 non
1178 2116 1401 2200 voltis„
1446 2119 1520 2180 ut
1549 2117 1725 2180 omni
1767 2118 1950 2200 parte
1993 2115 2311 2198 laborent,

501 2202 716 2285 thue
758 2200 888 2264 illis
929 2201 1132 2263 multo
1178 2203 1479 2284 corrupta
1522 2200 1738 2265 dolore
1780 2200 2075 2285 voluptas
2087 2248 2107 2284 ‚

376 2297 445 2349 40
508 2287 721 2368 Atque
762 2285 921 2348 haec
962 2305 1107 2348 rara
1117 2332 1136 2367 ‚
1182 2285 1368 2349 cadat
1409 2285 1568 2350 dura
1608 2285 1776 2349 inter
1819 2305 2008 2369 saepe
2049 2283 2314 2368 pericla.

503 2369 630 2433 Hic
673 2390 742 2433 se
782 2368 1197 2453 praecipitem
1239 2372 1410 2434 tecto
1456 2368 1659 2453 dedit,
1703 2369 1813 2448 ille
1853 2368 2125 2454 flagellis

501 2452 610 2517 Ad
650 2456 924 2517 mortem
967 2473 1184 2518 caesus
1196 2501 1216 2536 ,
1260 2452 1515 2538 fugiens
1558 2452 1665 2518 hic
1709 2453 1946 2518 decidit
1986 2473 2195 2518 acrem

502 2536 906 2602 Praedonum
967 2538 1038 2602 in
1098 2537 1380 2622 turbam,
1454 2537 1630 2602 dedit
1690 2537 1795 2602 hic
1857 2559 1977 2621 pro
2043 2557 2322 2620 corpore

1575 2642 1871 2687 nummos

501 2707 694 2772 Hunc
736 2708 1218 2793 perminxerunt
1260 2707 1542 2791 calones3
1641 2707 1756 2771 uin
1798 2670 1992 2770 etiam
2034 2704 2196 2774 illud

377 2804 444 2855 45
506 2792 791 2876 Accidit,
836 2795 912 2856 ut
954 2792 1204 2856 cuidam
1247 2793 1443 2856 testes
1488 2812 1605 2856 cau
1649 2813 1753 2856 am
1795 2812 1875 2855 ue
1919 2791 2196 2855 salacem

502 2875 916 2941 Demetcrent
966 2877 1156 2941 ferro.
1217 2876 1409 2940 ‘Iure'
1454 2896 1703 2961 omnes3
1754 2812 1969 2940 &alba
2008 2895 2091 2939 ne
2138 2873 2323 2939 abat.

503 2958 729 3024 Tutior
771 2963 840 3024 at
882 2963 1119 3045 quanto
1163 2982 1342 3025 merx
1385 2962 1484 3024 est
1524 2960 1596 3024 in
1638 2961 1840 3025 classe
1883 2980 2079 3025 secun
2122 2979 2190 3041 a,

503 3043 977 3109 Libertinarum
1021 3045 1164 3108 dico
1175 3094 1194 3128 ‚
1241 3042 1555 3110 Salustius
1598 3045 1670 3109 in
1712 3065 1869 3128 quas

501 3126 655 3193 Non
670 3129 883 3193 minus
904 3128 1146 3192 insanit
1167 3149 1359 3212 quam
1393 3129 1502 3213 qui
1529 3128 1920 3194 moechatur.
1982 3129 2076 3193 At
2103 3127 2217 3192 hic
2240 3127 2330 3212 si,

377 3222 446 3274 50
504 3212 645 3287 Qua
687 3235 819 3296 res,
865 3233 990 3295 qua
1029 3211 1194 3276 ratio
1239 3213 1559 3297 suaderet,
1606 3235 1853 3298 quaque
1895 3212 2183 3277 modeste

504 3295 810 3361 Munifico
856 3317 993 3360 esse
1037 3295 1216 3380 licet,
1272 3297 1467 3362 vellet
1506 3298 1714 3363 bonus
1759 3301 1950 3382 atque
1991 3296 2333 3381 benignus

504 3379 696 3462 Esse,
743 3379 924 3444 daret
1007 3383 1276 3446 uantum
1319 3381 1472 3446 satis
1504 3385 1701 3466 esset,
1744 3404 1866 3447 nec
1909 3382 2033 3447 sibi
2076 3379 2333 3445 damno

503 3461 943 3546 Dedecorique
965 3401 1154 3529 tfloret.
1201 3464 1446 3531 Verum
1472 3464 1597 3531 hoc
1625 3488 1692 3531 se
1723 3466 2132 3551 amplectitur
2157 3483 2335 3551 unu,
