2514 3950
376 149 498 215 190
1086 152 1602 210 EPISTVLARVM
2208 149 2309 222 [Π.

495 315 720 402 Fingit
761 336 992 400 equum
1034 318 1254 380 tenera
1297 315 1569 381 docilem
1614 317 1856 381 cervice
1899 315 2208 400 magister

371 413 436 463 65
497 401 598 465 Ire
640 401 808 465 viam
851 421 978 484 qua
1018 403 1336 466 monstret
1377 421 1597 486 eques3
1649 400 2007 482 venaticus,
2052 421 2129 465 ex
2174 420 2306 484 quo

454 496 458 499 *
496 485 807 568 Tempore
850 484 1169 550 cervinam
1211 485 1449 568 pellem
1490 485 1747 550 latravit
1788 484 1858 548 in
1903 485 2080 568 aula,

496 569 737 657 Militat
775 569 845 632 in
888 568 1066 633 silvis
1110 569 1373 634 catulus.
1443 560 1635 636 Nunc
1678 568 1907 634 adbibe
1949 590 2110 652 puro

495 653 761 718 Pectore
803 652 1026 736 verba,
1069 674 1255 737 puer,
1298 674 1473 719 nunc
1514 657 1580 718 te
1621 652 1995 718 melioribus
2038 652 2216 717 offer.

496 738 635 814 Quo
681 737 877 801 semel
921 739 1021 801 est
1060 737 1308 803 imbuta
1346 758 1569 803 recens
1614 736 1890 802 servabit
1933 735 2197 801 odorem

369 835 436 884 70
501 821 694 885 Testa
737 821 865 885 diu.
940 820 1183 897 Quodsi
1227 842 1436 887 cessas
1480 824 1591 886 aut
1631 824 1927 886 strenuus
1972 820 2173 903 antis,

495 905 633 972 Nec
675 904 928 970 tardum
972 905 1270 990 opperior
1308 927 1429 971 nec
1470 904 1996 990 praecedentibus
2039 903 2237 968 insto.

1262 1279 1391 1355 ΙΠ.

494 1411 618 1475 Iuli
661 1411 880 1494 Flore,
926 1410 1154 1494 quibus
1197 1414 1511 1476 terrarum
1552 1410 1788 1476 militet
1830 1410 1959 1475 oris

494 1495 796 1560 Claudius
838 1495 1116 1579 Augusti
1157 1494 1518 1580 privignus,
1564 1495 1724 1560 scire
1767 1495 2010 1560 laboro.

493 1578 820 1642 Thracane
863 1599 978 1642 vos
1013 1578 1391 1663 Hebrusque
1432 1579 1633 1644 nivali
1676 1579 1979 1663 compede
2021 1578 2305 1665 vinctus,

495 1663 599 1730 An
641 1662 804 1727 freta
845 1661 1085 1726 vicinas
1128 1662 1297 1726 inter
1339 1663 1657 1728 currentia
1697 1666 1932 1747 turres,

393 1758 423 1806 5
495 1746 603 1810 An
645 1746 917 1832 pingues
959 1745 1156 1811 Asiae
1200 1748 1411 1832 campi
1454 1748 1770 1832 collesque
1812 1747 2190 1812 morantur?

491 1830 658 1908 Quid
702 1831 988 1897 studiosa
1030 1830 1260 1897 cohors
1289 1852 1555 1917 operum
1598 1832 1830 1898 struit?
1874 1831 1998 1896 hoc
2041 1851 2305 1915 quoque

1579 1937 1749 1983 curo·

491 2000 646 2076 Quis
691 2001 815 2065 sibi
855 2023 959 2067 res
1001 2003 1215 2087 gestas
1260 2002 1539 2087 Augusti
1582 2002 1857 2066 scribere
1900 1998 2136 2065 sumit?

486 2083 669 2148 Bella
751 2085 852 2149 uis
896 2088 963 2150 et
1002 2107 1191 2168 paces
1247 2085 1513 2171 longum
1556 2085 1856 2151 diffundit
1907 2085 1977 2148 in
2018 2084 2301 2149 aevum?

489 2166 656 2243 Quid
752 2168 903 2233 itius
945 2168 1242 2233 Romana
1283 2169 1461 2234 brevi
1502 2172 1805 2235 venturus
1846 2170 1917 2233 in
1959 2168 2115 2233 ora?

363 2266 426 2315 10
488 2250 814 2318 Pindarici
854 2252 1054 2318 fontis
1098 2252 1208 2337 qui
1249 2273 1385 2317 non
1428 2253 1736 2337 expalluit
1775 2253 2038 2318 haustus
2051 2302 2071 2335 ,

484 2335 798 2401 Fastidire
840 2337 1018 2403 lacus
1063 2339 1128 2401 et
1167 2336 1340 2401 rivos
1385 2358 1574 2403 ausus
1619 2360 1658 2401 a
1704 2341 1892 2404 ertos.

483 2419 574 2484 Vt
615 2420 826 2484 valet?
870 2423 946 2485 ut
986 2420 1281 2487 meminit
1321 2420 1571 2486 nostri?
1709 2421 1996 2487 ‘dibusne
2037 2420 2302 2487 Latinis

483 2502 821 2568 Thebanos
865 2508 1082 2589 aptare
1125 2505 1350 2571 modos
1394 2506 1606 2572 studet
1648 2506 1901 2591 auspice
1943 2504 2163 2589 Musa,

484 2589 592 2651 An
633 2587 883 2673 tragica
924 2588 1207 2654 desaevit
1249 2591 1316 2655 et
1357 2591 1745 2675 ampullatur
1785 2592 1856 2655 in
1899 2589 2078 2655 arte?

359 2684 421 2733 15
486 2670 653 2747 Quid
724 2672 884 2737 mihi
956 2671 1178 2739 Celsus
1265 2672 1447 2759 agit?
1532 2675 1853 2823 monitusd
1888 2674 2306 2758 multumque

1572 2780 1809 2825 monen
1853 2781 1927 2824 us

480 2839 771 2906 Privatas
814 2844 889 2920 ut
931 2844 1195 2926 quaerat
1237 2862 1391 2926 opes
1435 2844 1503 2906 et
1542 2844 1808 2929 tangere
1849 2808 2009 2908 vit’et

447 2966 454 2972 -
482 2922 761 3008 Scripta,
804 2924 1136 2992 Palatinus
1181 2947 1613 3011 quaecumque
1657 2927 1897 3010 recepit
1937 2926 2216 3011 Apollo,

478 3006 609 3090 Ne,
654 3008 710 3072 si
752 3008 920 3073 forte
964 3031 1109 3074 suas
1150 3010 1492 3094 repetitum
1534 3011 1781 3076 venerit
1820 3011 1978 3075 olim

480 3090 651 3155 Grex
694 3090 906 3157 avium
946 3094 1224 3177 plumas,
1269 3097 1524 3160 moveat
1565 3095 1888 3161 cornicula
1925 3094 2129 3162 risum

349 3189 418 3239 20
479 3174 756 3241 Furtivis
798 3175 1038 3242 nudata
1083 3178 1420 3245 coloribus.
1498 3179 1646 3264 Ipse
1732 3178 1843 3243 uid
1887 3177 2128 3244 audes?

479 3261 655 3337 Quae
677 3262 1145 3329 circumvolitas
1257 3262 1271 3276 '
1306 3264 1320 3277 '
1375 3263 1645 3347 thyma?
1757 3283 1844 3328 on
1863 3263 1986 3329 tibi
2012 3284 2304 3346 parvum

475 3345 846 3431 Ingenium,
889 3367 1025 3412 non
1066 3348 1170 3412 inc
1237 3350 1441 3413 tumst
1483 3351 1549 3412 et
1588 3348 1861 3445 turpiter
1901 3347 2178 3413 hirtum:

476 3428 603 3494 Seu
644 3431 932 3520 linguam
977 3432 1181 3498 causis
1226 3434 1401 3499 acuis
1446 3454 1557 3498 seu
1601 3432 1802 3498 civica
1843 3431 1984 3498 iura
