2514 3950
997 184 1501 242 PROLEGOMEN
1505 185 1569 241 A.
2138 182 2244 237 XV

324 335 570 415 nuptae,
617 352 889 413 quarum
934 331 1065 394 iam
1109 329 1464 414 praecessit
1510 329 1772 413 mentio,
1815 349 2023 412 neque
2062 325 2241 429 quid·

327 417 1717 590 333312322222{ffisfissffisssssstffizmssff'ffissessss
1742 417 2244 590 332315552133‘}

328 595 762 661 coniectando,
835 595 927 659 Et
970 595 1138 659 tales
1186 595 1444 678 quidem
1490 594 1617 659 loci
1654 597 1806 658 sunt
1841 592 2241 677 paucissimi3

327 684 546 767 plures
600 684 671 748 in
726 683 960 767 quibus
1015 705 1161 749 cum
1216 704 1443 747 sensus
1502 682 1719 766 aliquo
1778 685 1971 766 pacto
2032 681 2243 765 possit

327 772 611 856 restitui,
669 773 871 836 verba
927 771 1073 855 ipsa
1135 792 1401 855 prorsus
1464 771 1596 835 sint
1649 771 1912 835 incerta.
2002 769 2081 833 In
2138 769 2242 832 his

325 860 532 945 igitur
575 859 1032 925 conservandis
1071 859 1566 924 emendandisve
1612 880 1800 923 suum
1839 857 2110 942 quisque
2150 879 2243 921 se-

328 951 567 1032 quatur
610 948 945 1013 iudicium:
993 952 1062 1012 at
1100 970 1265 1031 quae
1301 951 1454 1032 post
1488 946 1765 1012 Neronis
1804 949 2062 1031 tempus
2098 967 2243 1030 pro-

326 1039 642 1101 venerunt
680 1037 1086 1120 corruptelae
1124 1057 1348 1100 omnes
1385 1057 1588 1120 paene
1620 1038 1772 1099 sunt
1799 1035 1985 1117 tales„
2013 1038 2087 1098 ut
2115 1057 2243 1098 una

327 1125 434 1187 vel
488 1123 738 1187 duabus
784 1123 1096 1187 litterulis
1144 1124 1415 1187 mutatis
1463 1123 1803 1187 videantur
1848 1144 2041 1207 posse
2078 1123 2243 1187 tolli.

461 1210 603 1275 Iam
647 1213 722 1274 ut
766 1231 1037 1296 pergam
1081 1210 1150 1274 in
1197 1211 1329 1293 via,
1376 1232 1452 1274 ex
1497 1210 1684 1291 libris
1740 1233 1936 1273 manu
1984 1210 2242 1293 scriptis

330 1298 536 1363 secuti
582 1320 803 1363 sumus
849 1299 1145 1380 maxime,
1191 1303 1265 1362 ut
1292 1298 1361 1361 in
1390 1298 1669 1362 editione
1706 1299 1939 1382 priore,
1984 1296 2243 1361 Blandi-

326 1387 471 1451 nios
520 1389 829 1471 quattuor
875 1390 941 1451 et
988 1387 1245 1471 quidem
1294 1385 1505 1472 magis
1560 1386 1828 1470 reliquis
1877 1385 2244 1469 antiquissi-

330 1497 524 1540 mum.
593 1473 718 1550 Qui
762 1498 909 1540 cum
953 1496 1086 1541 non
1130 1475 1263 1539 iam
1299 1478 1547 1556 extent,
1592 1474 1768 1539 felici
1805 1474 2036 1540 accidit
2072 1497 2243 1557 casn,

329 1563 503 1646 quod
550 1561 838 1628 Gothani
884 1563 1144 1629 secundi
1191 1586 1335 1628 eam
1380 1567 1654 1648 partem,
1701 1585 1829 1648 qua
1876 1567 2133 1628 saturae
2179 1567 2244 1627 et

331 1652 649 1735 epistulae
695 1652 1126 1735 continentur,
1173 1652 1566 1736 descriptam
1604 1655 1876 1736 apparet
1913 1673 1990 1716 ex
2028 1652 2244 1739 arche:

328 1743 488 1824 typo
535 1737 865 1804 Blandinii
911 1740 1368 1841 antiquissimi,
1414 1741 1627 1805 lacero
1665 1741 1782 1805 illo
1829 1741 1962 1804 iam
2000 1762 2074 1805 ac
2112 1744 2243 1804 tur-

329 1828 506 1911 bato,
552 1831 626 1891 ut
673 1828 1124 1894 demonstrant
1170 1828 1412 1893 omissa
1458 1829 1501 1894 l.
1538 1847 1590 1893 11
1638 1851 1733 1914 ep.
1778 1847 1860 1894 111
1908 1833 1973 1892 et
2010 1828 2244 1893 adiecti

331 1916 465 1981 alia
518 1938 714 1982 manu
769 1911 1129 1983 carminum
1174 1917 1359 2001 libri,
1401 1938 1516 1983 nec
1563 1917 1776 1982 minus
1823 1916 2242 2001 perturbatus

331 2005 679 2070 admodum
725 2009 1093 2070 saturarum
1140 2010 1205 2069 et
1252 2007 1681 2089 epistularum
1727 2006 1901 2069 ord0.
1966 2006 2144 2070 Hic
2126 2007 2245 2091 igi-

332 2097 441 2156 tur
476 2091 693 2175 codeX,
739 2092 918 2157 cuius
955 2093 1197 2178 legitur
1237 2092 1588 2177 descriptio
1619 2093 1789 2177 apud
1816 2092 2244 2157 Kirchnerum

329 2202 478 2244 nov.
524 2183 770 2263 quaest.
815 2180 974 2245 Hor.
1017 2201 1173 2266 pgg.
1214 2181 1300 2245 22
1339 2203 1495 2266 sqq.,
1541 2181 1887 2246 admodum
1926 2185 2025 2245 est
2064 2182 2243 2258 utilis

332 2268 413 2333 ad
476 2269 671 2333 fidem
733 2291 1079 2369 curamque
1144 2266 1413 2353 Cruquii
1481 2270 1971 2335 examinandam
2036 2274 2102 2335 et
2166 2271 2245 2335 ad

332 2378 582 2421 errores
613 2357 928 2440 quosdam
966 2357 1102 2421 eius
1140 2358 1557 2443 corrigendos
1596 2362 1661 2423 et
1695 2359 2053 2444 supplenda
2083 2381 2245 2443 quae

331 2446 790 2545 praetermisit.
836 2445 934 2510 Ac
961 2449 1182 2510 tamen
1210 2445 1573 2530 dolendum,
1608 2447 1778 2531 quod
1806 2447 1960 2511 libri
1985 2447 2247 2512 Blandi-

329 2532 425 2596 nii
468 2533 958 2599 interciderunt:
1005 2555 1400 2636 quamquam
1447 2536 1705 2622 egregie
1749 2536 1894 2600 falli
1946 2536 2243 2601 existimo

333 2642 462 2704 eOS,
490 2644 530 2685 a
559 2642 833 2704 quorum
865 2623 1189 2687 sententia
1224 2644 1305 2687 ne
1336 2624 1552 2707 ipsum
1589 2624 1848 2709 quidem
1877 2623 2246 2689 Bentleium

334 2708 617 2773 alienum
678 2709 880 2775 fuisse
942 2711 1177 2776 docent
1236 2733 1313 2776 ea
1369 2734 1533 2795 quae
1588 2713 1934 2797 adscripsit
1995 2713 2077 2777 ad
2123 2717 2245 2777 sat.

332 2814 378 2878 Ι,
424 2797 837 2882 6‚126,qui
871 2802 1104 2883 putent
1150 2800 1431 2865 inventis
1478 2800 1580 2864 his
1629 2801 1815 2864 libris
1862 2803 1976 2864 aut
2012 2801 2245 2865 horum

333 2885 685 2949 simillimis
740 2890 878 2950 tam
934 2889 1175 2952 multas
1226 2910 1435 2953 novas
1485 2910 1718 2972 easque
1766 2889 2131 2973 praeclaras
2177 2891 2247 2954 in

331 2972 595 3038 Horatii
641 2974 898 3058 scriptis
946 2979 1208 3060 praesto
1244 2976 1384 3040 fore
1423 2976 1922 3063 dittographias‚
1957 2982 2031 3042 ut
2067 2979 2247 3043 velut

330 3083 503 3127 nova
546 3062 814 3146 incipiat
861 3086 1011 3131 aera
1047 3065 1230 3129 crisis
1278 3064 1693 3130 Horatianae.

461 3149 564 3214 Ex
607 3150 875 3235 reliquis
923 3152 1246 3228 codicibus
1294 3154 1672 3256 plurimum·
1693 3154 1896 3219 tribui
1932 3153 2247 3220 Bernensi

334 3238 786 3321 antiquissimo
834 3238 1025 3325 (saec.
1071 3260 1199 3306 vm
1243 3242 1348 3306 v'el
1396 3240 1521 3329 lx),
1568 3243 1679 3327 qui
1725 3243 1848 3307 etsi
1883 3243 2056 3308 haud
2092 3266 2245 3327 pau-

335 3345 441 3387 cas
485 3326 687 3391 habet
732 3330 1132 3413 corruptelas
1173 3334 1238 3394 et
1276 3330 1833 3416 interpolationeS,
1876 3335 2097 3396 tamen
2136 3332 2246 3396 ali-

335 3416 494 3494 quot
553 3415 622 3477 in
685 3416 843 3481 locis
899 3421 1014 3482 aut
1074 3418 1252 3483 solus
1311 3421 1424 3483 aut
1478 3441 1683 3503 paene
1732 3421 1908 3485 solus
1959 3420 2244 3487 servavit
