2514 3950
322 196 386 271 L]
1119 193 1343 248 LIBER
1376 194 1445 251 11.
2123 188 2249 253 219

320 356 661 443 Agricolae
704 354 929 439 prisci,
972 354 1174 420 fortes
1216 375 1537 439 parvoque
1578 357 1779 440 beati,

321 441 596 508 Condita
637 444 788 524 post
827 439 1146 504 frumenta
1187 440 1473 505 levantes
1516 442 1803 525 tempore
1843 441 2011 506 festo
2151 452 2249 504 140

320 526 567 609 Corpus
599 527 664 589 et
695 524 906 608 ipsum
936 524 1217 590 animum
1246 545 1360 608 spe
1402 524 1548 590 finis
1593 525 1750 589 dura
1789 525 2118 608 ferentem,

320 609 485 676 Cum
528 609 717 674 sociis
762 619 1055 693 operum,
1100 608 1317 693 pueris
1362 612 1428 673 et
1471 609 1744 695 coniuge
1786 608 1940 692 fida,

319 693 639 759 Tellurem
680 712 876 776 porco
887 741 906 776 ,
953 691 1284 758 Silvanum
1325 692 1491 758 lacte
1532 694 1829 777 piabant,

317 777 614 843 Floribus
658 780 725 841 et
764 777 914 842 vino
960 776 1236 842 Genium
1277 798 1624 842 memorem
1668 777 1876 842 brevis
1920 777 2078 842 aevi.

317 861 716 927 Fescennina
756 883 870 946 per
912 861 1084 931 hunc
1126 862 1379 926 invecta
1421 861 1682 927 licentia
1724 882 1965 926 morem
2151 873 2245 922 145

315 945 627 1011 Versibus
670 945 931 1009 alternis
975 945 1321 1028 opprobria
1360 945 1600 1010 rustica
1644 946 1840 1029 fudit,

317 1029 732 1110 Libertasque
773 1031 1169 1092 recurrentes
1211 1031 1473 1112 accepta
1513 1050 1629 1112 per
1671 1051 1874 1094 annos

318 1111 505 1177 Lusit
545 1110 932 1194 amabiliter,
977 1110 1182 1176 donec
1222 1110 1351 1176 iam
1394 1132 1617 1176 saevus
1661 1115 1944 1196 apertam

320 1194 404 1259 In
443 1194 688 1259 rabiem
732 1194 943 1278 coepit
981 1195 1145 1259 verti
1186 1195 1366 1260 iocus
1411 1198 1476 1260 et
1516 1217 1631 1279 per
1672 1195 1974 1260 honestas

321 1279 425 1344 Ire
471 1279 694 1344 domos
736 1278 976 1375 inpune
1019 1279 1252 1343 minax.
1339 1278 1617 1345 Doluere
1663 1282 1925 1345 cruento
2152 1294 2250 1343 150

322 1363 532 1429 Dente
576 1363 918 1446 laccesslti,
961 1362 1088 1428 fuit
1127 1363 1386 1428 intactis
1430 1384 1681 1448 quoque
1725 1384 1876 1429 cura

323 1447 718 1514 condicione
761 1467 951 1531 super
993 1448 1343 1532 communi,
1389 1448 1543 1531 quin
1585 1448 1779 1513 etiam
1821 1447 1924 1512 lex

323 1531 665 1615 Poenaque
684 1531 833 1614 lata,
850 1531 1020 1595 malo
1044 1552 1206 1615 quae
1221 1531 1426 1597 nollet
1444 1531 1723 1596 carmine
1746 1552 2124 1617 quemquam

322 1614 644 1701 Describi;
688 1619 934 1680 vertere
972 1615 1232 1680 modum
1274 1615 1614 1681 formidine
1656 1616 1844 1681 fustis

321 1700 428 1765 Ad
469 1701 633 1766 bene
677 1699 1013 1766 dicendum
1059 1699 1622 1785 delectandumque
1661 1700 1924 1766 redacti.
2152 1711 2249 1762 155

324 1784 593 1850 Graecia
637 1787 824 1869 capta
865 1784 1072 1848 ferum
1113 1784 1423 1848 victorem
1467 1785 1637 1869 cepit
1710 1788 1775 1849 et
1819 1788 1986 1850 artes

323 1867 553 1932 Intulit
594 1868 833 1952 agresti
875 1866 1093 1931 Latio:
1140 1867 1232 1931 sic
1274 1866 1570 1931 horridus
1618 1868 1631 1881 ⁹
1687 1889 1721 1932 e

324 1951 609 2017 Defluxit
649 1970 951 2016 numerus
996 1948 1359 2035 Saturnius,
1406 1954 1471 2015 et
1512 1971 1706 2037 grave
1749 1953 1921 2019 virus

325 2035 678 2100 Munditiae
767 2034 1048 2121 epulere‘3
1095 2035 1207 2100 sed
1239 2036 1310 2100 in
1351 2035 1617 2121 longum
1657 2040 1874 2102 tamen
1901 2057 2124 2103 aevum

325 2118 702 2184 Manserunt
789 2119 1054 2203 odieque
1096 2121 1359 2184 manent
1397 2121 1670 2206 vestigia
1709 2121 1892 2186 ruris.
2153 2133 2252 2184 100

328 2202 519 2270 Serus
563 2203 734 2268 enim
778 2203 1036 2269 Graecis
1080 2204 1363 2270 admovit
1404 2206 1696 2270 acumina
1724 2205 1992 2289 chartis,

324 2287 416 2354 Et
503 2296 604 2353 ost
644 2287 887 2353 Punica
927 2289 1099 2353 bella
1180 2289 1388 2354 uietus
1433 2310 1730 2372 quaerere
1774 2289 2013 2374 coepit,

326 2371 450 2449 Qui
558 2370 906 2457 Sophocles
971 2375 1038 2437 et
1100 2372 1154 2436 Τ
1201 2374 1371 2456 espis
1430 2376 1496 2436 et
1542 2372 1906 2521 inesohylus
1966 2373 2123 2438 utile

1572 2460 1800 2521 errent.

325 2540 485 2605 Tem
529 2540 690 2605 tavit
730 2560 981 2624 quoque
1021 2561 1158 2605 rem
1202 2540 1256 2604 si
1302 2540 1494 2625 digne
1536 2541 1779 2606 vertere
1820 2543 2068 2625 posset,

325 2624 416 2689 Et
456 2563 698 2707 placuit
740 2624 888 2707 sibi,
930 2627 1162 2689 natura
1204 2624 1494 2690 sublimis
1538 2628 1605 2690 et
1644 2646 1819 2691 acer:
2152 2635 2249 2685 105

325 2708 498 2775 Nam
542 2708 743 2791 spirat
781 2708 1095 2793 tragicum
1137 2709 1292 2773 satis
1336 2712 1402 2773 et
1441 2709 1713 2774 feliciter
1754 2708 1972 2790 audet,

325 2791 451 2860 Sed
493 2795 745 2876 turpem
785 2795 970 2876 putat
1010 2793 1235 2858 inscite
1275 2793 1626 2874 metuitque
1668 2792 1944 2855 lituram.

324 2876 651 2960 Creditur,
697 2898 773 2941 ex
814 2877 1025 2942 medio
1069 2878 1217 2960 quia
1259 2897 1361 2939 res
1406 2875 1699 2957 arcessit,
1743 2873 1976 2938 habere

323 2961 586 3028 Sudoris
628 2961 991 3044 minimum,
1036 2960 1148 3025 sed
1189 2959 1387 3023 habet
1427 2958 1755 3023 comoedia
1795 2960 1979 3023 tanto

322 3045 476 3110 Plus
498 3045 729 3128 oneris,
757 3049 995 3128 quanto
1014 3044 1236 3109 veniae
1259 3043 1488 3107 minus.
1533 3043 1670 3109 Ads
1716 3044 1831 3127 ice,
1855 3042 2120 3108 Plautus
2153 3053 2250 3104 170

326 3128 467 3203 Quo
509 3131 698 3212 pacto
742 3132 958 3212 partes
1000 3130 1243 3192 tutetur
1286 3127 1558 3192 amantis
1602 3149 1681 3213 ep
1729 3128 1861 3211 ebi,

323 3210 418 3276 Vt
457 3213 659 3295 patris
702 3212 962 3295 attenti,
1003 3212 1254 3276 lenonis
1296 3215 1369 3276 ut
1409 3212 1731 3297 insidiosi,

326 3295 616 3372 Quantus
660 3297 747 3362 sit
786 3297 1162 3362 Dossennus
1206 3297 1501 3362 edacibus
1544 3297 1615 3361 in
1655 3295 1952 3381 parasitis
1967 3344 1983 3377 ,

327 3378 534 3456 Quam
575 3401 710 3446 non
750 3382 1055 3447 adstricto
1098 3384 1429 3479 percurrat
1513 3382 1718 3466 ulpita
1760 3401 1978 3446 socco:

329 3462 541 3530 Gestit
561 3464 729 3529 enim
750 3487 1082 3534 nummum
1101 3487 1172 3531 m
1192 3466 1437 3533 loculos
1499 3465 1805 3551 emittere,
1828 3467 1978 3551 post
1996 3463 2120 3530 hoc
2153 3472 2248 3525 1¹1⁶
