2514 3950
1001 172 1569 230 PROLEGOMENA.
2174 178 2253 232 lx

333 317 754 399 temeritatiS,
809 321 884 382 ut
941 318 1102 382 satis
1160 318 1248 383 sit
1304 341 1652 403 superque,
1696 319 1960 384 dederit
2014 317 2251 386 Oarolo

334 405 876 491 Zangemeistero,
915 407 1093 471 cuius
1133 407 1489 492 disputatio
1530 408 1795 492 egregia
1822 409 2063 493 legitur
2090 432 2254 474 mus.

333 493 539 558 Rhen.
575 512 773 577 XVIII,
819 495 944 560 321
989 517 1128 578 sqq.
1157 531 1241 543 —
1282 493 1454 559 Nam
1491 493 1764 560 Holderi
1802 497 2033 561 similis
2072 519 2253 563 error

332 583 416 647 ad
463 587 583 646 sat.
630 601 674 667 1,
721 584 781 665 6,
835 583 1464 649 126.confutabitur.

467 669 609 735 Iam
675 693 803 755 qua
865 671 991 755 ipsi
1058 671 1402 758 diligentia
1465 677 1530 737 et
1594 694 1749 738 cura
1820 675 2064 738 versati
2123 675 2257 739 sint

332 756 635 824 Kellerus
684 764 749 823 et
786 757 1112 825 Holderus
1157 761 1228 825 in
1270 761 1598 826 codicibus
1637 763 2048 846 excerpendis
2086 763 2257 827 vide-

331 847 498 931 rint,
556 848 789 932 quibus
847 849 1055 913 otium
1115 849 1406 934 suppetit
1453 850 1534 913 ad
1580 848 1999 915 conferendos
2048 851 2255 917 denuo

219 962 227 966 >
334 935 614 1001 eosdem.
698 933 870 1002 Illud
916 941 1137 1002 tamen
1182 938 1406 1021 utique
1452 937 2037 1023 perstringendum,
2086 940 2258 1023 quod

337 1044 601 1088 suorum
622 1026 943 1090 occaecati
973 1048 1192 1090 amore
1217 1026 1533 1091 librorum
1554 1027 1879 1091 interdum
1900 1027 2256 1112 scripturas

332 1113 659 1176 notabiles
682 1113 1030 1178 admodum
1059 1114 1336 1178 aliorum
1365 1118 1480 1179 aut
1502 1114 1762 1180 silentio
1782 1117 2259 1200 praeterierunt

252 1278 256 1285 ,Α
338 1236 422 1247 -
471 1201 675 1264 veluti
712 1222 810 1285 ep.
846 1219 917 1284 11,
956 1202 1014 1283 3,
1053 1201 1184 1266 350
1220 1202 1386 1266 illud
1420 1222 1791 1284 quocumque
1827 1205 2088 1270 omnino
2126 1227 2257 1269 non

334 1291 638 1352 notatum
665 1325 740 1335 -—-
768 1293 882 1354 aut
909 1288 1129 1374 posita
1155 1293 1317 1354 nota
1342 1311 1401 1374 y,
1432 1312 1595 1373 quae
1618 1290 2040 1355 diversissimi
2064 1293 2259 1376 pretii

336 1376 666 1462 significat
727 1378 958 1461 libros,
1025 1379 1472 1444 obscurarunt.
1564 1376 1864 1443 Ceterum
1923 1380 2121 1444 simili
2166 1381 2260 1445 iu-

338 1464 488 1530 dicii
533 1466 861 1550 pravitate
909 1467 1142 1551 evenit,
1187 1470 1263 1531 ut
1308 1467 1377 1531 in
1430 1471 1751 1552 apparatu
1799 1468 2024 1533 critico
2069 1491 2261 1555 saepe

299 1548 782 1637 'ineptissimae
819 1556 925 1620 vel
971 1555 1433 1620 vitiosissimae
1477 1556 1815 1621 doctorum
1852 1557 2260 1623 coniecturae

334 1643 517 1706 velut
565 1643 920 1728 specimina
964 1644 1211 1727 ingenii
1268 1649 1801 1730 memorarentur,
1857 1646 2261 1730 elegantissi-

336 1752 480 1795 mae
521 1752 634 1794 seu
671 1732 809 1796 veri
849 1732 1228 1797 'simillimae
1269 1733 1743 1798 omitterentur.
1815 1732 1989 1798 Nam
2018 1734 2261 1820 eadem,

336 1840 466 1902 qua
520 1818 588 1882 in
644 1820 969 1884 codicibus
1032 1821 1453 1885 aestimandis
1501 1825 1568 1885 et
1612 1822 1794 1886 velut
1838 1820 2262 1888 fundamento

336 1907 523 1971 crisis
552 1906 953 1973 Horatianae
992 1909 1365 1993 extruend0‚
1393 1908 1727 1974 Kellerum
1766 1908 1875 1995 (ad
1909 1932 2099 1995 quem
2128 1913 2261 1977 iam

335 1994 561 2079 redeo)
608 2019 797 2060 usum
845 2018 986 2060 esse
1025 2001 1091 2061 et
1127 1997 1451 2060 industria
1487 2001 1553 2061 et
1588 1997 1903 2064 felicitate
1940 2001 2009 2064 in
2044 2002 2260 2065 verbis
2302 2024 2308 2029 ·

337 2083 601 2163 Horatii
647 2083 1064 2148 restituendis
1121 2083 1277 2167 quid
1327 2084 1610 2154 mirum?
1669 2084 1920 2171 Nempe
1977 2088 2262 2153 eiusdem

337 2170 465 2234 fuit
512 2174 647 2234 tres
694 2172 845 2236 illas
883 2172 1125 2237 classes
1164 2171 1456 2237 codicum
1493 2194 1873 2258 proponere,
1919 2175 2098 2239 cuius
2135 2176 2263 2241 fuit

337 2257 623 2324 Bentleii
643 2264 708 2323 et
729 2260 1190 2345 spectatissimi
1209 2262 1516 2345 cuiusque
1536 2261 1745 2327 critici
1762 2262 2043 2330 inventis
2066 2286 2261 2350 oppo-

336 2370 490 2411 nere
537 2348 877 2434 Florilegii
922 2349 1205 2414 Parisini
1229 2350 1384 2415 -sive
1421 2349 1995 2416 Nostradamensis
2031 2354 2136 2418 vel
2177 2354 2262 2418 si-

337 2436 593 2500 milium
651 2437 778 2501 fide
838 2440 904 2501 et
966 2438 1358 2522 antiquitate
1413 2439 1731 2503 librorum
1787 2441 2260 2507 auctoritatem.

337 2523 644 2589 Ceterum
684 2525 845 2589 satis
886 2526 1010 2590 erit
1049 2527 1376 2593 monuisse
1415 2527 1484 2590 in
1521 2527 1872 2592 editionem
1907 2530 2259 2613 lyricorum

339 2617 405 2676 et
442 2613 888 2697 iambicorum‚
936 2637 1098 2698 quae
1146 2616 1390 2699 prodiit
1436 2638 1492 2680 a.
1539 2617 1728 2700 1864,
1774 2621 2086 2702 receptas,
2130 2619 2260 2684 nisi

338 2702 511 2767 oculi
557 2724 679 2766 mer
703 2701 1096 2787 fefellerunt,
1140 2702 1424 2768 Bentleii
1459 2726 1658 2768 unam
1704 2705 2139 2771 coniecturam
2179 2711 2261 2788 [c.

336 2808 424 2872 IV,
479 2792 577 2872 10,
616 2791 704 2872 5]‚
752 2793 950 2872 ipsius
993 2794 1151 2857 duas
1201 2794 1281 2872 [c.
1320 2810 1418 2876 ΙΙΙ,
1456 2793 1559 2875 26,
1600 2795 1666 2876 73
1714 2816 1811 2877 ep.
1858 2794 1920 2877 5,
1958 2796 2088 2875 88].
2159 2792 2260 2860 Ex

337 2879 573 2962 quibus
615 2880 824 2943 altera
862 2884 963 2943 est
997 2880 1426 2965 ineptissima,
1476 2882 1686 2945 altera
1722 2903 1937 2946 errore
1989 2884 2258 2949 metrico

333 2967 543 3032 foeda.
634 2966 771 3032 Nec
836 2968 1005 3032 enim
1071 2969 1223 3033 licet
1286 2969 1356 3033 in
1418 2968 1685 3034 tertium
1741 2991 2001 3035 versum
2035 2976 2262 3055 ·syste-

338 3055 537 3120 matis
576 3055 802 3121 alcaici
840 3056 1099 3122 admitti
1141 3080 1286 3121 cum
1330 3057 1606 3139 synizesi
1641 3058 1806 3123 illud
1840 3061 2060 3124 ascias.
2136 3059 2261 3125 Sed

337 3143 603 3209 Kellero
634 3147 766 3209 rion
804 3145 1014 3231 magis
1056 3167 1249 3229 quam
1278 3144 1639 3210 Fritzschio
1668 3146 1989 3230 profuisse
2018 3148 2260 3213 librum

337 3232 395 3297 d.
443 3254 494 3297 r.
544 3256 625 3297 m.
671 3258 734 3319 p,
779 3232 849 3298 L.
880 3233 1134 3316 'docent
1191 3234 1496 3299 versiculi
1549 3235 1743 3298 tales:
1806 3235 2018 3301 hastas
2066 3243 2124 3301 et
2166 3259 2264 3303 ca-

339 3320 497 3385 lami
547 3322 786 3404 spicula
841 3321 1067 3387 Gnosii
1074 3343 1096 3400 ,·
1153 3343 1187 3387 0
1252 3323 1454 3389 Venus
1506 3324 1722 3406 reyina
1777 3323 1977 3389 Gnidi
2032 3326 2263 3408 Paphi-

337 3427 485 3488 que,·
545 3411 768 3494 ramis,
822 3431 939 3492 quo
997 3416 1056 3476 et
1105 3411 1343 3494 obliquo
1398 3411 1670 3490 laborat;
1725 3414 1856 3477 iam
1908 3415 2113 3478 virum
2166 3436 2264 3480 ex-
