2514 3950
367 335 401 385 o·

372 791 438 840 10

376 1243 438 1292 15

376 1697 444 1748 20

397 3276 460 3325 10

1139 155 1535 213 cARva

673 322 873 388 Tibur
914 321 1130 406 Argeo
1172 319 1457 404 positum
1500 319 1730 382 colono

672 407 773 472 Sit
812 427 989 471 meae
1032 405 1215 470 sedes
1257 404 1506 468 utinam
1547 404 1869 485 senectae,

672 489 773 557 Sit
812 491 1039 555 modus
1084 490 1256 553 lasso
1301 488 1494 552 maris
1539 489 1605 552 et
1645 486 1891 551 viarum

772 575 1186 656 Militiaeque.

669 691 859 758 Vnde
902 692 958 756 si
997 690 1235 755 Parcae
1277 688 1622 773 prohibent
1663 687 1948 770 iniquae,

672 777 879 841 Dulce
920 774 1158 860 pellitis
1203 774 1426 838 ovibus
1471 772 1725 837 Galaesi

673 861 944 925 Flumen
988 861 1053 924 et
1092 859 1362 943 regnata
1402 857 1618 941 petam
1660 854 1900 919 Laconi

776 943 953 1008 Rura
992 941 1372 1007 Phalantho,

674 1061 795 1126 Ille
837 1064 1149 1125 terrarum
1189 1058 1352 1124 mihi
1392 1060 1645 1143 praeter
1688 1075 1909 1119 omnes

896 1167 971 1210 us
1013 1145 1208 1228 ridet,
1252 1142 1365 1207 ubi
1406 1163 1542 1206 non
1582 1140 1891 1223 Hymetto

673 1229 780 1294 Me
830 1252 869 1294 a
912 1230 1226 1294 decedunt
1266 1225 1576 1308 viridique
1620 1224 1821 1288 certat

776 1313 949 1379 Baca
989 1312 1303 1395 Venafr03

675 1431 809 1496 Ver
849 1431 961 1495 ubi
1002 1431 1271 1514 longum
1310 1427 1683 1511 tepidasque
1724 1423 1988 1509 praebet

676 1515 964 1600 Iuppiter
1005 1514 1289 1594 brumaS,
1335 1515 1401 1576 et
1442 1510 1710 1574 amictus
1753 1507 1972 1571 Aulon

678 1599 903 1665 Fertili
945 1596 1200 1662 Baccho
1246 1596 1584 1660 minimum
1626 1591 1914 1657 Falernis

784 1682 1039 1748 Invidet
1077 1683 1237 1745 uvis.

680 1801 800 1866 Ille
842 1803 906 1864 te
950 1819 1199 1863 mecum
1240 1797 1419 1861 locus
1464 1797 1528 1860 et
1569 1794 1792 1859 beatae

678 1885 1017 1950 Postulant
1057 1903 1266 1967 arces3
1311 1880 1402 1943 ibi
1444 1881 1517 1943 tu
1561 1876 1873 1941 calentem

679 1969 916 2036 Debita
958 1988 1221 2065 sparges
1265 1964 1526 2029 lacrima
1568 1961 1850 2026 favillam

781 2053 967 2119 Vatis
1012 2051 1218 2116 ammi.

1261 2303 1420 2377 VII.

688 2440 744 2505 Ο
789 2457 976 2520 saepe
1016 2456 1267 2501 mecum
1308 2437 1558 2517 tempus
1601 2432 1672 2495 in
1713 2430 2009 2495 ultimum

689 2522 978 2588 Deducte
1020 2518 1221 2585 Bruto
1266 2518 1533 2582 militiae
1577 2515 1735 2579 duce
1748 2564 1767 2597 ,

791 2605 947 2680 Quis
989 2606 1055 2668 te
1097 2602 1431 2667 redonavit
1473 2599 1788 2675 Quiritem

919 2687 1037 2752 Dis
1080 2687 1304 2771 patriis
1347 2685 1638 2767 Italoque
1682 2683 1887 2764 cae10,

681 2806 950 2891 Pompei
989 2827 1277 2870 meorum
1319 2802 1523 2886 prime
1566 2799 1908 2881 sodalium,

695 2891 857 2958 Cum
901 2912 1024 2988 quo
1068 2889 1425 2954 morantem
1456 2906 1643 2969 saepe
1688 2883 1855 2947 diem
1883 2901 2058 2945 mero

792 2975 915 3039 Fre
995 3023 1014 3057 ,
1060 2974 1401 3038 coronatus
1443 2970 1721 3034 nitentes

915 2996 1325 3123 ffialobathro
1372 3053 1572 3137 Syrio
1601 3048 1910 3133 capillos?

696 3176 932 3241 Tecum
973 3175 1310 3257 Philippos
1356 3174 1420 3235 et
1463 3171 1734 3235 celerem
1779 3164 1999 3245 fugam

614 3277 619 3280 ’
693 3261 877 3326 Sensi
919 3259 1142 3323 relicta
1182 3278 1317 3320 non
1359 3256 1523 3317 bene
1567 3247 1885 3334 parmula,

801 3343 964 3408 Cum
1005 3342 1208 3404 fracta
1250 3338 1452 3402 virtus
1498 3338 1563 3400 et
1603 3333 1885 3400 minaces

931 3424 1142 3506 Turpe
1185 3423 1392 3486 solum
1433 3422 1701 3507 tetigere
1744 3418 1981 3483 mento.
