2514 3950
175 1212 320 1227 “v—i

385 3129 453 3180 85

377 171 504 237 230
1085 172 1598 231 sms'rvmnvu
2188 168 2321 245 [111.

503 338 593 403 Et
632 357 802 403 nova
842 336 1111 421 fictaque
1140 358 1345 422 nuper
1386 336 1713 402 habebunt
1749 335 1943 400 verba
1982 333 2192 419 fidem,
2205 357 2330 403 seu

507 422 751 488 Graeco
793 422 973 487 fonte
1017 421 1246 487 cadent
1341 441 1485 485 arce
1528 421 1796 485 detorta.
1885 418 2050 495 Quid
2093 422 2320 484 autem

507 505 785 573 Caecilio
828 506 1181 590 Plautoque
1224 506 1307 570 da
1350 506 1404 569 it
1443 504 1801 586 Romanus,
1855 503 2226 586 ademptum

380 604 447 656 ⁸5
511 591 799 677 Vergilio
843 589 1209 689 Varioque?
1275 589 1420 674 Ego
1461 610 1602 672 cur,
1647 588 1976 738 adquirere
2017 608 2226 671 pauca

509 675 578 742 Si
605 696 896 759 possum,
940 674 1257 758 mudeor,
1306 695 1448 739 cum
1482 673 1704 758 lingua
1787 672 1997 738 atonis
2038 674 2104 736 et
2129 670 2322 738 Enni

508 759 879 826 Sermonem
921 758 1199 842 patrium
1243 758 1543 822 ditaverit
1583 759 1650 822 et
1688 778 1860 822 nova
1900 777 2112 822 rerum

507 844 790 910 Nomina
830 842 1213 927 protulerit?
1281 842 1494 907 Licuit
1537 858 1908 925 semperque
1949 840 2172 905 licebit

509 927 847 1013 Signatum
932 929 1221 992 raesente
1262 930 1422 992 nota
1460 925 1811 1010 producere
1852 945 2106 990 nomen.

383 1027 451 1077 σο
511 1011 603 1078 Vt
646 1012 843 1077 silvae
916 1011 1061 1075 oliis
1103 1032 1342 1096 pronos
1386 1014 1716 1076 mutantur
1758 1010 1830 1074 in
1871 1029 2100 1092 annos,

509 1097 724 1162 Prima
766 1096 1032 1162 cadunt:
1081 1096 1173 1161 ita
1213 1095 1551 1161 verborum
1592 1097 1775 1160 vetus
1826 1094 2046 1158 interit
2099 1096 2287 1158 aetas
2301 1143 2321 1177 ,

508 1183 598 1247 Et
637 1182 937 1247 iuvenum
978 1179 1107 1244 ritu
1148 1180 1382 1245 florent
1421 1179 1612 1244 modo
1656 1182 1812 1244 nata
1859 1178 2226 1261 vigentque.

509 1265 833 1331 Debemur
872 1265 1063 1330 morti
1105 1286 1226 1330 nos
1268 1266 1631 1348 nostraque.
1720 1262 1865 1329 Sive
1907 1265 2203 1346 receptus

510 1350 707 1415 Terra
746 1349 1086 1434 Neptunus
1129 1349 1364 1414 classes
1405 1348 1831 1432 Aquilonibus
1875 1348 2075 1429 arcet,

384 1448 450 1497 65
513 1434 711 1519 Regis
756 1455 945 1517 opus,
990 1434 1302 1499 sterilisve
1327 1436 1435 1500 diu
1468 1434 1693 1517 †palus
1720 1434 1988 1516 aptaque
2029 1422 2228 1497 remis

510 1518 774 1585 Vicinas
816 1518 1004 1582 urbes
1050 1518 1165 1582 alit
1208 1521 1274 1583 et
1315 1538 1507 1602 grave
1552 1516 1747 1581 sentit
1789 1518 2092 1598 aram,

513 1601 639 1668 Seu
682 1622 936 1666 cursum
977 1602 1248 1666 mutavit
1288 1602 1580 1685 iniquum
1622 1600 1912 1686 frugibus
1956 1599 2193 1683 amnis,

511 1686 757 1751 Doctus
800 1686 924 1749 iter
964 1685 1219 1771 melius3
1266 1685 1565 1750 mortalia
1605 1685 1777 1750 facta
1819 1684 2148 1768 peribunt:

460 1788 466 1791 ·
512 1769 766 1836 Nedum
808 1790 1173 1835 sermonum
1217 1771 1344 1835 stet
1384 1769 1591 1835 honos
1636 1773 1701 1834 et
1856 1768 1948 1833 tia
1988 1769 2196 1833 vivax,

386 1867 454 1922 το
517 1854 724 1920 Multa
764 1857 1179 1920 renascentur
1220 1875 1382 1940 quae
1424 1855 1552 1920 iam
1596 1854 1728 1918 ceci
1771 1874 1875 1917 ere
1957 1852 2323 1937 cadentque

513 1940 689 2017 Quae
718 1960 891 2006 nunc
920 1942 1080 2005 sunt·
1097 1940 1168 2004 in
1199 1939 1444 2005 honore
1472 1938 1806 2021 vocabula,
1853 1937 1909 2002 si
1935 1937 2110 2003 volet
2134 1958 2322 2022 usuS,

513 2025 717 2101 Quem
759 2046 955 2109 penes
985 2025 1380 2089 arbitriumst
1406 2025 1597 2089 etius
1627 2027 1694 2088 et
1717 2044 1946 2088 norma
1987 2022 2322 2106 loquendi.

512 2110 642 2174 Res
685 2112 907 2195 gestae
947 2130 1296 2194 regumque
1341 2108 1694 2192 ducumque
1739 2110 1804 2171 et
1844 2107 2054 2171 tristia
2096 2106 2280 2171 bella

515 2193 654 2269 Quo
685 2193 882 2289 scribi·
917 2196 1182 2275 possent
1221 2214 1517 2274 numero,
1562 2191 1942 2257 monstravit
1970 2189 2324 2262 Homerus.

387 2290 454 2342 ’16
515 2276 820 2341 Versibus
862 2277 1171 2360 inpariter
1211 2277 1444 2342 iunctis
1489 2277 1885 2359 querimonia
1923 2275 2232 2360 primum,

514 2363 673 2426 Post
714 2362 907 2426 etiam
947 2361 1259 2426 inclusast
1297 2360 1434 2425 voti
1476 2361 1794 2425 sententia
1836 2380 2127 2444 compos;

515 2445 671 2521 Quis
713 2448 932 2510 tamen
976 2446 1239 2531 exiguos
1283 2445 1500 2530 elegos
1543 2445 1825 2510 emiserit
1867 2447 2116 2526 auctor,

515 2528 930 2594 Grammatici
973 2533 1220 2594 certant
1262 2532 1327 2594 et
1369 2529 1574 2594 adhuc
1618 2530 1736 2594 sub
1779 2529 1984 2593 iudice
2026 2528 2106 2591 lis
2152 2531 2279 2594 est.

515 2611 973 2677 Archilochum
1015 2614 1274 2697 proprio
1317 2614 1523 2678 rabies
1568 2614 1839 2678 armavit
1877 2613 2119 2678 iambo:

386 2709 457 2760 80
517 2697 709 2763 Hunc
753 2697 924 2762 socci
968 2717 1190 2781 cepere
1231 2697 1459 2780 pedem
1501 2698 1898 2782 grandesque
1942 2695 2283 2780 cothurni,

514 2782 801 2846 Alternis
847 2784 1067 2865 aptum
1111 2781 1509 2847 sermonibus
1554 2784 1620 2846 et
1659 2782 1996 2866 populares

418 2924 423 2929 .
513 2866 895 2931 Vincentem
939 2867 1240 2950 strepitus
1285 2869 1349 2931 et
1388 2868 1613 2930 natum
1655 2867 1845 2931 rebus
1888 2864 2175 2951 agendis,

513 2950 702 3014 Musa
744 2950 919 3014 dedit
959 2951 1189 3015 fidibus
1233 2950 1413 3015 divos
1455 2971 1810 3034 puerosque
1855 2950 2115 3014 deorum

513 3033 603 3097 Et
641 3034 928 3118 pugilem
959 3034 1266 3099 victorem
1296 3037 1360 3098 et
1388 3055 1620 3117 equum
1649 3034 1992 3099 certamine
2034 3032 2339 3117 primum

516 3117 606 3181 Et
646 3117 945 3182 iuvenum
989 3138 1170 3182 curas
1214 3120 1280 3182 et
1321 3118 1521 3183 libera
1562 3119 1712 3183 vina
1752 3119 2005 3183 referre.

514 3200 883 3285 Descriptas
928 3223 1177 3267 servare
1219 3201 1391 3266 vices
1434 3223 1820 3287 operumque
1867 3203 2113 3267 colores
2128 3249 2148 3285 ,

514 3285 643 3350 Cur
686 3307 839 3371 eg0‚
888 3286 943 3351 si
983 3307 1064 3350 ne
1109 3307 1229 3350 ueo
1273 3286 1656 3372 ignoroque,
1708 3289 1900 3370 poeta
1941 3287 2240 3353 salutor?

514 3368 644 3435 Gur
684 3371 930 3435 nescire
972 3307 1218 3455 pudens
1261 3392 1455 3468 prave
1501 3392 1690 3454 quam
1734 3371 1974 3436 discere
2016 3371 2243 3438 malo?

463 3506 469 3511 .
513 3452 819 3519 Versibus
864 3455 1097 3540 exponi
1139 3455 1404 3540 tragicis
1448 3476 1550 3520 res
1595 3456 1838 3521 comica
1879 3476 2014 3520 non
2060 3457 2244 3543 vult3
