2514 3950
221 190 305 263 v.]

1056 186 1286 244 LIBER.
1373 186 1378 187 ⁷
2021 185 2132 246 111

340 349 491 418 Nox
533 352 598 415 et
638 348 878 433 Diana,
966 370 1085 415 uae
1130 349 1456 415 silentium
1499 351 1697 436 regis,

424 434 683 500 Arcana
725 456 869 499 eum
956 436 1073 498 unt
1115 454 1294 498 sacra
1303 483 1322 517 ,

341 518 532 584 Nune
576 539 749 584 nune
791 518 1038 602 adeste,
1084 540 1257 583 nune
1298 519 1368 582 in
1410 518 1677 583 hostiles
1722 517 1945 583 domos

425 603 597 667 Iram
640 605 828 687 atque
869 624 1108 667 numen
1151 603 1396 668 vertite.

344 686 802 752 Formidolosis
848 687 997 751 dum
1040 687 1247 752 latent
1276 687 1453 752 silvis
1497 687 1670 752 ferae
2076 700 2142 749 55

426 770 614 837 Dulci
660 792 888 856 sopore
932 770 1300 857 languidae,

232 845 239 850 ’
342 855 603 939 Senem,
650 855 820 940 quod
863 876 1083 920 omnes
1126 855 1407 939 rideant,
1453 855 1810 921 adulterum

424 938 691 1003 Latrent
734 938 1104 1004 Suburanae
1148 960 1336 1003 canes
1347 989 1366 1023 ,

340 1022 562 1088 Nardo
605 1025 1009 1104 perunctum,
1056 1023 1240 1104 quale
1283 1043 1417 1086 non
1458 1024 1798 1105 perfectius

425 1104 608 1168 Meae
631 1104 1004 1167 ·laborarint
1043 1125 1291 1168 manus·
2077 1122 2143 1169 60

344 1186 511 1263 Quid
555 1186 829 1252 accidit?
897 1184 1026 1253 Cur
1069 1187 1206 1252 dira
1245 1188 1551 1252 barbarae
1593 1189 1804 1252 minus

422 1270 688 1336 Venena
729 1270 991 1336 Medeae
1033 1272 1278 1355 valent,

342 1354 586 1432 Quibus
630 1378 704 1421 su
751 1355 966 1421 erbam
1009 1357 1078 1420 fu
1130 1356 1179 1420 't
1219 1357 1355 1421 uita
1397 1355 1728 1440 paelicem,

423 1439 648 1525 Magni
694 1378 990 1506 &montis
1032 1378 1231 1505 fiffm
1242 1490 1262 1525 ,

341 1522 505 1602 Cum
546 1525 746 1608 palla,
789 1525 942 1588 tabo
987 1547 1217 1590 munus
1261 1524 1607 1610 imbutum,
1651 1547 1884 1590 novam
2077 1539 2141 1588 65

422 1607 727 1674 Incendio
770 1612 1040 1694 nuptam
1084 1609 1390 1674 abstulit?

336 1693 400 1757 A
471 1693 538 1757 ui
579 1715 701 1758 nee
741 1693 942 1758 herba
982 1715 1102 1758 nee
1144 1694 1352 1758 latens
1394 1694 1465 1758 in
1494 1696 1735 1778 asperis

571 1777 583 1791 ’
672 1777 903 1841 fefellit
943 1799 1046 1841 me
1090 1778 1266 1842 loeis.

338 1859 655 1924 Indormit
697 1861 905 1924 unctis
945 1861 1231 1924 omnium
1275 1859 1589 1925 eubilibus

427 1943 764 2008 Oblivione
806 1938 1146 2027 paelicum.
2075 1959 2142 2008 70

340 2028 401 2090 A
446 2050 516 2110 a,
561 2027 806 2092 solutus
850 2027 1134 2091 ambulat
1175 2026 1493 2091 veneficae

426 2110 795 2176 Scientioris
841 2111 1148 2177 carmine!

337 2194 493 2261 Non
533 2195 786 2260 usitatis
858 2196 1056 2280 Vare,
1099 2195 1500 2281 potionibus,

428 2279 483 2345 Ο
526 2280 726 2343 multa
765 2245 1060 2345 fieturum
1104 2283 1323 2365 eaput,

339 2364 444 2428 Ad
487 2385 589 2429 me
630 2385 943 2450 recurres,
985 2386 1105 2430 nee
1147 2367 1375 2430 vocata
1415 2385 1598 2430 mens
1645 2371 1758 2431 tua
2076 2378 2141 2428 75

424 2447 652 2512 Marsis
695 2449 929 2514 redibit
969 2448 1252 2513 vocibus.

340 2531 547 2596 Maius
590 2532 859 2617 parab0,
903 2533 1107 2597 maius
1151 2532 1485 2597 infundam
1526 2533 1646 2599 tibi

423 2614 802 2680 Fastidienti
842 2617 1170 2702 poculum,

337 2699 524 2764 Prius
570 2721 648 2764 ue
693 2701 937 2766 eaelum
979 2700 1144 2766 sidet
1183 2702 1451 2766 inferius
1493 2701 1654 2767 mari

422 2783 514 2848 Te
564 2806 676 2850 ure
716 2788 1012 2870 porrecta
1052 2807 1270 2869 super,
2072 2799 2140 2849 80

339 2868 545 2944 Quam
585 2890 722 2933 non
762 2890 976 2935 amore
1020 2870 1110 2935 sie
1154 2891 1297 2934 meo
1340 2869 1571 2954 flagres
1644 2869 1742 2933 uti

421 2951 725 3018 Bitumen
767 2956 920 3019 atris
970 2953 1276 3039 ignibus?

339 3036 471 3103 Sub
513 3036 671 3102 haee
712 3059 871 3122 puer
912 3039 1040 3102 iam
1081 3060 1243 3124 non,
1289 3040 1364 3102 ut
1405 3040 1584 3123 ante,
1628 3037 1928 3104 mollibus

421 3120 650 3186 Lenire
692 3121 902 3186 verbis
945 3123 1185 3206 inpias,

340 3202 464 3269 Sed
508 3204 737 3270 dubius
779 3204 948 3270 unde
990 3209 1315 3291 rumperet
1357 3207 1710 3290 silentium,
2072 3220 2138 3269 85

424 3287 605 3352 Misit
646 3289 995 3373 Thyesteas
1037 3311 1288 3374 preces:

343 3369 632 3435 ‘Venena
675 3394 865 3459 maga
902 3395 1039 3439 non
1080 3374 1178 3438 fas
1219 3375 1556 3461 nefasque,
1600 3396 1734 3440 non
1776 3378 1989 3441 valent

425 3453 809 3522 Convertere
850 3457 1195 3524 humanam
1237 3459 1460 3525 vicem.
