2514 3950
359 168 481 231 174
1102 168 1524 225 sA'rnzARvn
2067 254 2071 258 ι
2189 168 2285 240 [V.

354 348 424 398 50
481 334 563 398 In
603 355 869 399 vacuum
911 333 1158 398 venias:
1203 353 1459 417 perraro
1503 331 1660 396 haec
1700 331 1839 396 alea
1881 331 2065 396 fallit.

482 418 605 496 Qui
645 421 1101 483 testamentum
1142 417 1354 482 tradet
1393 416 1512 481 tibi
1555 437 1822 500 cumque
1865 415 2237 501 legendum,

478 503 779 568 Abnuere
824 506 890 568 et
928 503 1178 567 tabulas
1222 523 1262 566 a
1302 505 1368 566 te
1395 522 1718 566 removere
1756 503 2076 565 memento
2089 548 2109 583 ,

358 606 361 607 ’
481 586 586 652 Sic
627 591 875 671 tamen,
918 589 993 651 ut
1033 587 1203 650 limis
1244 586 1455 669 rapias
1531 584 1683 669 quid
1724 585 1932 669 prima
1962 583 2237 649 secundo

481 672 641 738 Cera
682 672 839 736 velit
878 692 1095 756 versu3
1141 670 1315 734 solus
1358 635 1659 734 multisne
1704 668 1966 734 coheres
1976 717 1997 751 ‚

351 769 417 819 55
480 755 706 821 Veloci
746 776 1042 839 percurre
1087 754 1292 820 oculo·
1379 753 1760 837 Plerumque
1802 756 2090 819 recoctus

479 839 702 905 Scriba
744 861 822 903 ex
864 839 1020 922 quin
1062 839 1280 903 ueviro
1323 859 1582 903 corvum
1625 837 1881 902 deludet
1920 837 2236 923 hiantem,

480 922 913 1007 captatorque
956 923 1037 987 da
1080 923 1135 986 it
1173 923 1339 987 risus
1382 921 1621 987 Nasica
1663 920 1963 987 Corano?

478 1007 566 1075 ‘N
567 1030 677 1072 um
697 1007 855 1072 furis
867 1008 900 1071 *Ρ
924 1029 1009 1072 an
1029 1006 1309 1092 prudens
1332 1007 1498 1072 ludis
1518 1028 1621 1071 me
1637 1007 1907 1072 obscura
1922 1005 2208 1072 canendo
2218 1006 2279 1072 ‘P’

480 1091 558 1156 εΟ
602 1092 964 1176 Laertiade,
1011 1091 1318 1176 quidquid
1363 1091 1597 1175 dicam,
1650 1092 1762 1155 aut
1803 1092 1925 1156 erit
1967 1094 2077 1155 aut
2115 1112 2279 1158 non:

351 1190 418 1240 60
476 1175 779 1241 Divinare
823 1177 1058 1242 etenim
1099 1199 1166 1239 m
1296 1198 1373 1242 us
1415 1175 1576 1240 mihi
1619 1175 1818 1240 donat
1857 1176 2141 1273 Apoll0.'

480 1260 670 1335 ‘Quid
710 1263 927 1327 tamen
968 1262 1094 1325 ista
1135 1282 1212 1325 ve
1247 1262 1295 1324 ‘t
1336 1260 1461 1325 sibi
1501 1260 1749 1344 fabula,
1794 1260 1850 1324 si
1892 1260 2074 1343 licet,
2119 1259 2277 1325 ede.’

477 1344 842 1429 ‘Tempore‚
880 1365 1006 1428 quo
1034 1345 1281 1410 iuvenis
1309 1344 1564 1409 Parthis
1605 1342 1992 1429 horrendus,
2038 1343 2118 1408 ab
2148 1344 2280 1409 alto

475 1429 841 1494 Demissum
883 1451 1088 1514 genus
1130 1431 1379 1513 Aenea,
1422 1429 1650 1494 tellure
1692 1429 1977 1512 marique

476 1513 756 1598 Magnus
801 1514 950 1598 erit,
993 1514 1148 1579 forti
1187 1514 1392 1579 nubet
1430 1534 1695 1598 procera
1739 1512 1991 1579 Corano

351 1610 417 1661 65
474 1597 639 1661 Filia
678 1597 952 1662 Nasicae
968 1647 987 1681 ,
1033 1598 1377 1663 metuentis
1418 1597 1681 1662 reddere
1724 1598 1993 1663 soldum.

476 1681 641 1746 Tum
672 1702 873 1766 gener
911 1680 1036 1746 hoc
1077 1682 1300 1747 faciet:
1344 1680 1594 1747 tabulas
1625 1703 1843 1747 socero
1888 1681 2065 1746 dabit
2091 1685 2285 1767 atque

475 1765 568 1830 Vt
609 1765 785 1863 legat
826 1766 1065 1852 orabit3
1115 1766 1389 1831 multum
1429 1765 1669 1833 Nasica
1707 1769 1976 1852 negatas

476 1849 772 1934 Accip1et
810 1850 1069 1916 tandem
1106 1853 1172 1916 et
1211 1852 1446 1917 tacitus
1488 1851 1691 1936 leget,
1734 1851 2139 1935 invenietque

475 1933 591 2001 Nil
634 1934 758 2000 sibi
799 1936 1085 2022 legatum
1125 1939 1380 2021 praeter
1419 1935 1671 2019 plorare
1716 1935 1846 2001 suis
1890 1956 1988 2001 ue.

350 2032 416 2082 70
472 2019 643 2084 Illud
684 2020 764 2084 ad
805 2021 965 2086 haec
1004 2021 1223 2086 iubeo:
1268 2021 1497 2086 mulier
1540 2021 1596 2086 si
1637 2020 1804 2084 forte
1892 2021 2070 2085 olosa

475 2103 848 2168 Libertusve
893 2125 1112 2169 senem
1154 2105 1426 2169 delirum
1466 2107 1807 2202 temperet3
1853 2105 1983 2169 illis

475 2187 764 2252 Accedas
809 2188 1048 2270 socius,
1092 2188 1339 2272 laudes,
1385 2188 1659 2254 laudens
1703 2192 1777 2253 ut
1818 2189 2079 2254 absens:

422 2295 435 2309 ‘
475 2271 758 2336 Adiuvat
782 2269 908 2336 hoc
937 2291 1214 2355 quoque,
1263 2271 1373 2336 sed
1401 2273 1603 2337 vincit
1641 2274 1835 2359 longe
1863 2275 2040 2357 prius
2067 2274 2288 2358 ipsum

475 2355 863 2441 Expugnare
906 2358 1117 2440 caput.
1204 2354 1453 2421 Scribet
1493 2358 1662 2422 mala
1704 2359 1987 2423 carmina
2027 2380 2287 2427 vecors:

349 2453 415 2502 ‘15
471 2439 777 2504 Laudato.
840 2439 1167 2505 Scortator
1210 2442 1360 2506 erit:
1407 2462 1558 2506 cave
1599 2445 1665 2507 te
1707 2465 1779 2507 ro
1830 2445 1922 2507 et:
1965 2444 2136 2507 ultro

475 2522 866 2620 Penelopam
907 2524 1114 2588 facilis
1158 2526 1396 2609 potiori
1437 2526 1663 2591 trade.’
1739 2532 1757 2562 ‘
1857 2530 2069 2611 tasne,

473 2606 744 2671 Perduci
785 2608 1025 2691 poterit
1064 2612 1198 2672 tam
1240 2610 1413 2695 frugi
1454 2614 1711 2694 tamque
1752 2611 2011 2696 pudica,

477 2689 681 2767 Quam
720 2692 1020 2774 nequiere
1062 2693 1243 2776 proci
1285 2696 1460 2758 recto
1507 2694 1821 2779 depellere
1865 2716 2050 2761 cursu
2060 2695 2120 2759 *Ρ
2162 2767 2168 2772 ,

475 2774 698 2840 ‘Venit
726 2776 896 2840 enim
938 2797 1244 2862 magnum
1289 2776 1568 2842 donandi
1610 2801 1803 2863 parca
1844 2780 2139 2845 iuventus
2150 2830 2169 2864 ,

348 2872 415 2922 80
448 2859 609 2934 *Nec
651 2862 903 2925 tantum
945 2859 1215 2927 Veneris
1261 2865 1570 2945 quantum
1614 2863 1898 2928 studiosa
1942 2865 2227 2929 culinae:

477 2943 582 3008 Sic
624 2944 744 3007 tibi
784 2943 1106 3029 Penelope
1149 2946 1412 3032 frugist3
1457 2969 1619 3031 quae
1663 2948 1719 3012 si
1763 2950 1959 3012 semel
2000 2970 2130 3013 uno

473 3026 574 3090 De
618 3048 767 3091 sene
810 3032 1086 3113 gustarit
1127 3034 1341 3096 tecum
1380 3031 1619 3114 partita
1658 3030 1992 3116 lucellum,

473 3109 566 3174 Vt
608 3111 784 3176 canis
828 3135 868 3178 a
909 3115 1081 3179 corio
1125 3136 1474 3199 numquam
1517 3116 1972 3181 absterrebitur
2013 3120 2240 3183 uncto,

473 3194 582 3259 Me
633 3217 814 3281 sene,
880 3198 1050 3281 quod
1101 3198 1309 3263 dicam
1345 3199 1766 3348 factunlixffzb·
1786 3222 1943 3265 anus
2010 3202 2304 3285 inproba

1668 3306 1701 3349 e
1746 3306 1802 3348 1s

346 3375 412 3425 85
470 3363 573 3427 Ex
614 3367 999 3430 testamento
1045 3366 1137 3429 sic
1182 3368 1279 3430 est
1323 3366 1517 3431 elata:
1565 3367 1832 3433 cadaver

472 3447 755 3513 Vnctum
799 3449 940 3512 oleo
986 3450 1164 3535 largo
1206 3450 1397 3515 nudis
1441 3452 1675 3517 umeris
1718 3453 1869 3518 tulit
1909 3452 2108 3519 heres

2101 3505 2136 3658 f
