2514 3950
340 133 495 190 XXX
1015 130 1583 188 PROLEGOMENA.

339 286 453 344 bus
497 281 799 359 prioribus
838 283 895 341 6.
967 280 1127 340 Nam
1170 280 1351 357 primi
1393 280 1576 338 finem
1620 281 1683 338 et
1728 279 1972 338 secundi
2015 279 2254 340 initium

341 373 500 431 inter
554 389 617 430 se
672 372 814 446 apte
867 387 1196 446 congruere
1248 387 1423 427 nemo
1475 366 1726 443 negabit
1774 385 1886 427 nec
1938 369 2133 445 magis
2184 387 2255 429 ex

344 458 586 520 secundi
643 459 807 518 exitu
859 458 1118 534 pendere
1171 456 1531 531 principium
1584 455 1770 515 tertii.
1858 456 1956 515 Ita
2009 475 2143 515 cum
2197 459 2254 530 3,

346 550 428 609 69
467 566 595 623 sqq.
641 547 891 607 dixisset
932 546 1114 622 poeta
1158 545 1444 621 graviora
1489 562 1669 620 quam
1711 561 1864 620 quae
1907 545 2079 620 lyrae
2126 564 2256 604 con·

342 637 621 698 venirent
667 638 862 697 relata
913 635 1026 693 hoc
1071 633 1358 709 carmine,
1413 633 1753 708 insequenti
1797 632 2036 692 invocat
2080 631 2255 692 Calli-

346 745 499 803 open
551 726 761 801 ipsam,
814 726 886 781 ut
935 722 1187 797 longum
1232 720 1351 780 sibi
1394 721 1619 780 diceret
1661 721 1875 795 melos;
1922 722 2055 797 quis
2100 722 2257 781 enim

343 814 558 874 melius
605 812 786 871 sciret
828 810 1020 884 Musa,
1071 809 1217 885 quid
1260 809 1451 884 lyrico
1497 810 1658 869 esset
1700 811 1910 885 aptum
1955 809 2261 886 poemati?

344 899 573 959 Eadem
619 899 729 958 ode
774 897 982 957 finitur
1026 897 1416 957 describenda
1451 898 1611 958 Iovis
1658 915 1727 956 ac
1768 897 2016 959 deorum
2054 901 2262 958 contra

345 988 592 1048 Titanas
637 1005 861 1062 pugna.
941 985 1078 1044 Huc
1122 989 1333 1062 aperte
1376 986 1622 1062 respicit
1666 985 1910 1062 quintae
1954 986 2257 1047 exordium

348 1071 524 1137 ‘caelo
560 1080 851 1136 tonantem
881 1075 1228 1136 credidimus
1251 1075 1456 1135 Iovem
1479 1091 1743 1150 reynare,
1769 1093 2055 1151 praesens
2083 1075 2257 1136 divus

344 1165 667 1226 habebitur
690 1157 1050 1240 Augustus’.
1101 1163 1375 1239 Denique
1411 1163 1621 1223 ultimo
1659 1156 1772 1223 hoc
1807 1164 2093 1239 opusculo
2126 1183 2261 1223 cum

346 1253 761 1330 descripsisset
801 1253 1135 1328 priscorum
1176 1253 1583 1311 Romanorum
1633 1252 1792 1310 circa
1832 1252 2261 1327 rempublicam

347 1347 409 1403 et
450 1343 546 1401 ius
589 1342 801 1415 fasque
846 1340 1308 1414 observantiam,
1350 1339 1475 1398 iam
1520 1342 1689 1400 sexto
1737 1340 1841 1417 qui
1883 1340 2071 1416 ipsius
2108 1345 2257 1400 tem-

343 1449 490 1508 pore
536 1429 846 1490 obtinebat
889 1431 1298 1504 contemptum
1342 1428 1432 1487 rei
1477 1427 1711 1489 divinae
1752 1430 1816 1487 et
1850 1429 2148 1489 luxuriam
2190 1447 2261 1489 ac

343 1519 582 1596 privato
634 1519 875 1577 tantum
929 1517 1234 1577 commodo
1293 1515 1562 1576 deditum
1616 1517 1880 1576 animum
1934 1520 2074 1594 apte
2123 1536 2259 1593 per-

346 1609 633 1684 sequitur.
697 1605 925 1665 Amant
960 1607 1164 1664 autem
1197 1607 1414 1680 poetae
1452 1606 1716 1665 carmina
1751 1607 2086 1666 sententiae
2118 1624 2261 1682 quo-

347 1697 483 1756 dam
529 1713 685 1754 nexu
729 1694 923 1770 ligata
967 1693 1150 1751 etiam
1195 1694 1391 1752 metro
1437 1692 1649 1755 eodem
1692 1695 2055 1754 continuare.

480 1785 584 1858 35,
631 1785 690 1859 2,
740 1784 777 1842 3
821 1798 1106 1856 praesens
1146 1781 1238 1840 vel
1280 1783 1397 1841 imo
1440 1783 1631 1842 tollere
1674 1784 1745 1842 de
1783 1784 1980 1857 yradw
2022 1783 2264 1843 mortale

346 1889 568 1946 corpus.
640 1871 824 1948 Verg.
861 1889 991 1931 aen.
1026 1889 1066 1946 1,
1109 1871 1193 1930 70
1239 1874 1346 1928 aut
1389 1887 1494 1945 aye
1536 1872 1792 1931 diversos
1835 1875 1889 1930 et
1930 1872 2106 1932 disice
2140 1887 2264 1931 cor-

334 1979 492 2037 pora
523 1964 721 2034 ponto.

481 2050 584 2123 35,
630 2052 688 2126 5,
736 2051 775 2109 6
828 2053 881 2108 te
912 2065 1149 2122 pauper
1194 2049 1377 2108 ambit
1416 2048 1663 2109 sollicita
1694 2063 1870 2121 prece
1911 2037 2074 2108 'raris
2118 2049 2266 2107 colo-

343 2156 474 2198 nus,
528 2137 691 2197 Illud
724 2138 889 2196 raris
923 2136 977 2195 si
1009 2135 1277 2211 pertinet
1311 2135 1390 2195 ad
1425 2137 1674 2202 colonus,
1709 2134 1958 2210 perinde
1993 2134 2267 2196 abundat

345 2227 416 2285 ut
448 2226 608 2285 infra
647 2221 730 2300 [v.
757 2220 872 2299 30]
912 2225 1083 2284 orbis.
1147 2223 1266 2283 Sed
1298 2226 1559 2283 fortasse
1592 2221 1964 2297 iungendum
1998 2225 2092 2281 est
2124 2241 2265 2283 cum

333 2330 534 2389 prece,
588 2314 662 2372 ut
705 2331 801 2389 ap.
837 2311 1023 2389 Verg.
1067 2312 1295 2389 legitur
1349 2314 1627 2372 lacrimae
1676 2327 1875 2370 rerum
1927 2311 1991 2369 et
2038 2317 2268 2386 ereptae

343 2404 589 2478 viminis
624 2404 743 2462 ira.

481 2492 584 2563 35,
626 2493 704 2550 17
757 2506 927 2549 serva
969 2489 1120 2549 bene
1166 2488 1297 2548 cdd.
1339 2485 1554 2563 optimi
1595 2486 1866 2562 plerique
1914 2506 2049 2546 cum
2095 2489 2266 2548 scho-

344 2580 559 2640 liastiS.
646 2577 832 2652 Nam,
885 2578 957 2636 ut
1009 2578 1172 2637 recte
1227 2576 1454 2634 dictum
1499 2575 1618 2647 est,
1672 2574 2037 2653 Necessita8‚
2090 2577 2268 2637 velut

344 2668 586 2728 lictores
630 2665 730 2727 vel
774 2666 1164 2741 apparitores,
1210 2682 1347 2723 cum
1385 2661 1723 2738 insignibus
1771 2663 1951 2723 officii
1985 2665 2269 2741 reginam

344 2754 653 2833 praecedit
694 2754 1042 2814 Fortunam.

481 2845 593 2918 35,
642 2844 754 2921 21,
799 2845 837 2902 -2
902 2848 955 2903 te
1004 2840 1149 2916 spes
1201 2844 1255 2899 et
1308 2840 1438 2900 albo
1489 2857 1638 2901 rara
1687 2842 1835 2913 fides
1887 2842 2019 2902 colit
2068 2841 2269 2901 velata

343 2929 388 3008 †
411 2948 636 3007 panno,
679 2947 784 2991 nec
818 2932 1074 2991 comitem
1109 2929 1369 3002 abneyat.
1450 2927 1523 2988 Id
1566 2929 1725 3005 quod
1762 2932 1857 2990 est
1882 2947 2088 3004 panno
2125 2948 2267 2989 cum

345 3021 446 3082 vix
500 3019 693 3122 possit
745 3036 947 3079 carere
1000 3018 1368 3094 corruptela,
1422 3034 1460 3076 a
1511 3017 1808 3077 Meinekio
1864 3018 2269 3079 commendari

344 3108 591 3171 memini
622 3109 816 3183 pepla
864 3106 1022 3183 quod
1058 3110 1122 3166 et
1156 3105 1420 3182 Sengero
1465 3106 1634 3168 venit
1674 3106 1739 3165 in
1781 3109 2062 3166 mentem.
2144 3105 2271 3175 Qui

347 3198 507 3277 quod
560 3195 754 3273 magis
807 3196 1027 3271 probat
1079 3196 1216 3256 alba
1256 3212 1417 3256 ,rara
1468 3196 1612 3268 fides
1664 3195 1797 3255 colit
1844 3196 2035 3255 velata
2067 3194 2268 3268 palla,

347 3306 484 3348 cum
517 3284 743 3362 alioqui
778 3284 861 3344 sit
886 3284 1205 3358 laudabile,
1241 3285 1491 3360 propter
1527 3282 1939 3360 dysphoniam‚
1976 3301 2129 3360 quae
2167 3287 2273 3343 est

344 3377 408 3435 in
451 3375 575 3435 illis
622 3375 757 3435 alba
799 3390 948 3435 rara
992 3405 1076 3417 —
1121 3374 1315 3435 velata
1353 3372 1541 3449 palla,
1587 3389 1708 3431 non
1749 3373 1950 3447 potest
2001 3371 2272 3435 admitti.
