2514 3950
352 172 536 228 XVIII
1030 169 1604 227 PROLEGOMENA.

352 327 585 402 parum
647 313 922 400 pulchra
984 314 1357 381 viderentur
1416 337 1491 381 ac
1551 315 1788 399 nitida,
1843 338 1990 383 cum
2034 318 2276 383 talium

354 426 571 468 rerum
627 424 851 468 sensus
905 403 1124 468 varius
1187 403 1278 468 sit
1334 406 1401 468 et
1453 403 1662 468 fluxus
1717 426 1838 488 pro
1895 404 2277 472 diversitate

353 497 724 577 temporum
752 495 819 555 et
846 491 1171 557 iudicandi
1198 492 1471 576 ratione,
1499 492 1734 577 reliqui
1758 492 2026 559 intacta.
2091 492 2276 560 Cete-

313 618 319 622 >
355 603 500 646 rum
530 580 704 665 quod
730 601 953 644 omnes
979 580 1470 665 probabilitatis
1486 601 1791 646 numeros
1809 582 2044 667 implet
2060 584 2276 667 proxi-

354 670 479 734 mis
524 673 679 753 post
721 667 1073 735 Horatium
1118 669 1306 733 annis
1347 687 1445 734 Lx
1479 669 1818 753 irrepsisse
1857 670 2168 755 quidquid
2204 672 2277 736 in

353 757 542 823 libris
589 757 727 822 eius
773 756 938 821 latet
974 778 1278 822 versuum
1301 757 1701 842 spuriorum,
1747 759 1947 824 etiam
1982 760 2274 825 metricis

353 846 716 911 rationibus
781 845 1259 929 comprobatur.
1348 845 1521 911 Nam
1567 868 1619 912 c.
1663 845 1756 931 II,
1802 847 1922 931 20,
1971 849 2050 911 11
2101 848 2275 932 quod

351 932 658 1018 legitur
663 933 960 1017 superne'
1007 937 1307 1018 correpta
1350 934 1565 1019 finali,
1612 897 1923 1020 agnosces
1969 935 2275 1021 Lucretii,
2326 933 2332 939 ’

353 1022 466 1107 qui
509 1022 668 1086 item
705 1021 1042 1104 breviavit,
1078 1022 1539 1107 imitationem,
1578 1045 1773 1108 quam
1810 1024 2106 1108 proximo
2146 1024 2276 1089 cui-

353 1131 477 1195 que
522 1110 811 1196 Augusti
864 1111 1245 1194 aequalibus
1292 1112 1574 1196 tempori
1618 1113 1829 1177 libens
1877 1112 2273 1198 adsignabis.

350 1197 709 1371 fragmina·
750 1198 822 1264 in
874 1220 1063 1264 versu
1120 1221 1323 1284 aeque
1374 1201 1796 1284 suppositicio
1844 1199 2273 1284 Asclepiadeo

382 1304 408 1350 1

735 1371 901 1439 dig-ne
936 1371 1219 1440 scripserit
1253 1372 1353 1424 aut
1387 1370 1619 1440 pulvere
1657 1371 1884 1439 Troico,

350 1462 723 1535 notandum,
743 1459 1136 1543 dactylicum
1155 1461 1548 1527 vocabulum
1574 1460 1768 1525 huius
1797 1461 1991 1525 metri
2015 1461 2084 1526 in
2110 1461 2273 1546 pede

354 1550 561 1616 altero
616 1547 792 1613 haud
844 1548 941 1614 ita
993 1570 1141 1614 raro
1203 1548 1463 1632 quidem
1510 1548 1682 1633 apud
1728 1548 1888 1614 Hor.
1933 1549 2048 1615 sed
2091 1571 2273 1615 num-

355 1659 552 1722 quam
613 1636 886 1721 reperiri
941 1636 1113 1720 apud
1167 1634 1493 1702 Senecam.
1591 1635 1657 1701 N
1659 1658 1730 1702 ec
1783 1658 1937 1704 vero
2002 1643 2102 1703 est
2161 1661 2274 1704 cur

353 1726 537 1790 labes
547 1775 566 1809 ,
612 1747 775 1809 quas
819 1724 1024 1789 traxit
1068 1747 1121 1791 c
1169 1724 1446 1809 8.1.1v‚
1481 1725 1680 1810 longo
1725 1729 1879 1810 post
1923 1725 2273 1793 Horatium

352 1813 700 1878 intervallo
744 1812 986 1877 inditas
1034 1812 1095 1877 ei
1137 1816 1460 1914 putemus,
1521 1812 1696 1878 Nam
1741 1815 2141 1899 strophicam
2178 1817 2273 1900 ly·

354 1902 635 1966 ricorum
691 1901 828 1965 eius
884 1904 1093 1966 artem
1136 1901 1270 1966 iam
1318 1897 1574 1966 Claudii
1618 1924 1694 1967 ac
1729 1901 2010 1968 Neronis
2058 1906 2273 1969 aetate

352 2012 621 2076 prorsus
674 2012 753 2056 ex
804 1990 1043 2077 peritia
1094 1990 1435 2057 hominum
1498 1991 1838 2057 evanuisse
1893 1993 2052 2057 olim
2105 2015 2273 2059 com-

352 2079 629 2165 probavi
676 2079 761 2159 [d.
806 2102 856 2143 r.
903 2102 986 2146 m.
1037 2079 1210 2160 118].

487 2164 615 2232 Sed
658 2169 735 2230 ut
778 2167 1031 2267 reliqua
1066 2167 1198 2231 iam
1233 2188 1606 2251 persequar,
1643 2168 2101 2253 inscriptiones
2140 2193 2273 2237 car-

355 2255 605 2322 minum
650 2275 764 2318 cur
809 2254 1158 2338 omiserim,
1207 2258 1282 2320 ut
1318 2254 1679 2321 Meinekius
1726 2261 1793 2321 et
1840 2258 1972 2337 alii,
2016 2258 2154 2324 vix
2173 2262 2273 2323 est

357 2342 533 2428 quod
569 2342 899 2407 disseram.
972 2341 1219 2408 Tamen
1254 2342 1422 2408 illud
1459 2347 1562 2409 sat
1598 2349 1857 2411 constat
1895 2368 2005 2411 eas
2031 2368 2273 2432 magna

358 2453 436 2496 ex
461 2434 650 2515 parte
686 2451 819 2495 non
854 2452 972 2514 per
1005 2430 1291 2497 medium
1320 2453 1568 2516 aevum,
1597 2433 1710 2498 sed
1737 2434 2035 2499 ultimis
2015 2435 2274 2519 1mperii

355 2518 637 2584 Romani
658 2518 934 2584 saeculis
962 2540 1104 2584 esse
1123 2523 1323 2605 ortas,
1347 2542 1467 2586 nec
1487 2545 1526 2587 a
1544 2521 1850 2606 librariiS,
1868 2521 1983 2587 sed
2001 2544 2041 2587 a
2061 2543 2273 2607 gram-

358 2606 615 2672 maticis
655 2606 956 2676 adiectas·
1037 2606 1343 2673 Ceterum
1389 2610 1922 2694 qualemcumque
1970 2609 2271 2673 ducentes

359 2695 680 2782 originem
723 2696 1068 2761 relicturus
1105 2697 1220 2781 fui,
1268 2697 1325 2762 81
1358 2697 1648 2763 facerent
1684 2698 1766 2762 ad
1803 2696 2199 2762 lectionem
2180 2720 2271 2761 111-

357 2785 655 2850 vandam.
729 2782 859 2850 Sed
903 2785 1095 2850 aliter
1138 2807 1244 2851 res
1291 2785 1509 2870 habet,
1556 2808 1701 2851 cum
1749 2783 2125 2850 scholastici
2168 2786 2271 2850 illi

355 2873 603 2957 primos
619 2873 1036 2957 potissimum
1046 2896 1270 2942 versus
1280 2874 1600 2960 fingendis
1611 2872 1821 2936 titulis
1840 2872 2273 2957 adhibuerint,

356 2964 432 3025 ut
459 2965 698 3045 tamen,
726 2962 784 3026 81
813 2984 889 3026 ex
915 2962 1049 3028 11118
1078 2963 1264 3028 nulla
1290 2965 1514 3046 posset
1542 2960 1688 3025 elici
1716 2959 2039 3024 sententia
2066 2960 2272 3025 brevi-

355 3053 459 3114 ter
505 3049 902 3135 explicanda,
946 3050 1160 3116 media
1204 3050 1405 3114 etiam
1453 3052 1519 3113 et
1564 3070 1816 3113 summa
1860 3048 2272 3160 respicerent.

356 3136 621 3203 Fefellit
667 3160 744 3203 ea
787 3160 893 3203 res
939 3137 1289 3223 aliquando
1335 3136 1723 3202 Bentleium

487 3224 836 3292 Praeterea
861 3226 1186 3292 notandus
1215 3224 1418 3290 mirus
1449 3224 1710 3309 quidam
1739 3246 1922 3289 amor
1940 3228 2007 3290 et
2032 3248 2273 3311 pravus

357 3315 861 3381 homuncionum
897 3315 1181 3398 illorum,
1229 3335 1355 3398 quo
1392 3313 1638 3397 inpulsi
1675 3314 2011 3379 studerent
2044 3320 2273 3401 poetas

360 3403 571 3470 facere
607 3423 956 3490 personam
983 3402 1121 3469 sive
1155 3423 1297 3467 rem
1325 3423 1795 3488 quamcumque
1834 3403 2273 3490 adloquentes.
