2514 3950
380 198 538 253 XXII
1048 197 1620 255 PROLEGOMENA.

379 345 635 406 eundem
684 345 1001 406 Horatium
1056 348 1221 407 extat
1275 348 1483 420 fabula
1536 351 1757 422 quanta
1808 349 1902 421 fui
1960 351 2024 409 et
2077 349 2289 409 similia

380 435 544 495 alibi.
634 434 804 504 Quod
855 437 1141 495 notarunt
1193 435 1312 495 viri
1365 435 1527 496 docti
1569 437 1729 496 hunc
1773 438 1970 496 locum
2015 439 2286 500 obversa-

380 526 512 582 tum
557 542 688 583 esse
724 523 931 585 Persio
977 542 1112 583 cum
1158 524 1447 584 scriberet
1487 520 1572 599 [v,
1615 522 1770 601 152]
1819 529 1966 586 cinis
2011 532 2065 586 et
2096 544 2290 588 manes

379 617 434 671 et
474 613 681 686 fabula
724 615 857 685 fies,
911 614 1075 672 recte
1130 612 1371 689 quidem
1422 615 1624 689 potest
1669 614 1909 674 habere.
1999 614 2117 675 Sed
2160 634 2288 676 cum

380 700 563 761 etiam
633 701 697 759 in
768 701 1038 761 clausula
1099 702 1433 760 hexametri
1495 701 1891 778 epistularum
1954 702 2288 764 inveniatur

381 785 457 865 [1,
508 791 616 863 13,
666 786 731 865 9]
779 790 933 848 iuud
977 794 1031 849 ct
1071 790 1279 864 fabula
1320 791 1465 862 filas,
1509 808 1629 850 non
1674 791 1962 852 abhorret
2004 811 2042 850 a
2085 793 2288 867 proba-

377 877 614 936 bilitate
673 896 744 936 ex
785 878 897 938 hoc
941 878 1070 938 loco
1118 896 1298 939 sensu
1349 878 1628 939 vocabuli
1681 880 1840 956 quod
1894 883 1988 940 est
2033 874 2285 941 ‘fabula'

377 966 597 1025 leniter
649 966 946 1026 inmutato
1002 968 1327 1042 sumpsisse
1378 966 1654 1027 Persium
1706 970 1895 1029 verba
1946 987 2099 1046 quae
2155 972 2289 1029 sunt

379 1060 432 1114 et
481 1055 688 1128 fabula
737 1057 845 1127 fies
895 1073 1005 1115 nec
1057 1056 1389 1131 respexisse
1442 1056 1642 1132 illum,
1695 1057 1853 1117 unde
1911 1075 2044 1116 sum
2104 1075 2288 1118 orsus.

380 1141 660 1202 Ceterum
711 1143 1108 1211 imitationem
1160 1145 1486 1221 lyricorum
1531 1145 1768 1206 Horatii
1824 1147 2178 1221 scriptorum
2229 1146 2290 1204 in

378 1231 618 1292 satirico
664 1233 922 1293 carmine
967 1250 1087 1294 non
1120 1236 1269 1308 puto
1314 1234 1570 1294 inveniri
1612 1235 1729 1293 nisi
1774 1234 1838 1293 in
1881 1234 2075 1294 Persii
2118 1234 2286 1294 libro.

510 1340 580 1412 4,
629 1342 709 1399 17
768 1343 821 1398 et
871 1340 1073 1398 domus
1122 1340 1287 1400 exilis
1328 1340 1621 1399 Plutonia.
1713 1338 1871 1396 Male
1923 1339 2075 1396 illud
2130 1341 2290 1400 emilis

378 1427 745 1502 suspectavit
788 1426 1245 1503 Peerlcampius.
1317 1426 1659 1486 Videndum
1702 1425 1952 1484 ultimae
1991 1424 2290 1502 Propertii

377 1515 709 1592 elegiarum
743 1515 1000 1592 initium,
1034 1515 1141 1575 ubi
1175 1517 1325 1575 item
1354 1517 1694 1591 sepulcrum
1721 1533 1856 1573 cum
1884 1512 2059 1573 domo
2088 1515 2287 1576 Pluto-

374 1604 469 1662 nis
515 1603 797 1664 confundi
840 1607 1105 1680 apparet.

506 1728 548 1784 1,
588 1711 645 1786 6,
685 1711 720 1768 2
770 1709 899 1770 aliti
943 1712 1106 1769 recte
1141 1708 1537 1781 Passeratius,
1579 1707 1714 1766 alite
1749 1726 1832 1785 v.;
1879 1710 1989 1768 cet.
2035 1710 2109 1770 cf.
2153 1711 2286 1771 lect.

375 1796 519 1858 Hor.
560 1800 714 1874 693,
762 1799 865 1857 94.

510 1905 559 1960 1,
608 1889 672 1958 6,
724 1887 999 1945 13-16.
1092 1883 1320 1943 Seclusi
1365 1885 1682 1943 obsecutus
1730 1883 2042 1945 Meinekio.

505 1994 557 2051 1,
606 1978 672 2052 7,
723 1978 780 2037 1.
867 1974 1038 2033 Hanc
1093 1971 1246 2033 oden
1296 1971 1363 2030 in
1415 1972 1588 2031 binas
1644 1971 2011 2050 discerpsere
2054 1973 2289 2035 librarii

376 2064 620 2140 quidam
655 2066 718 2123 et
753 2062 1156 2139 grammatici3
1205 2059 1312 2121 sed
1351 2060 1415 2119 id
1460 2060 1620 2136 quod
1663 2081 1874 2121 verum
1910 2066 2006 2122 est
2040 2065 2289 2123 tuentur

376 2170 511 2212 cum
556 2152 966 2227 Porphyrione
1011 2148 1452 2209 Pseudoatilius
1502 2146 1586 2225 [p.
1625 2152 1751 2209 358
1797 2148 1894 2226 Gr]
1942 2152 2288 2211 Victorinus

379 2238 555 2315 [228,
592 2241 674 2298 29
717 2235 813 2313 G.]
853 2237 1170 2297 Diomedes
1208 2234 1337 2313 [pg.
1377 2238 1507 2297 520
1544 2234 1644 2313 Κ.]
1694 2257 2022 2315 anonymus
2060 2240 2133 2299 de
2168 2260 2290 2300 me-

374 2328 486 2387 tris
532 2326 879 2387 Horatianis
930 2322 1047 2402 [gr.
1082 2326 1188 2384 lat.
1224 2344 1346 2404 1111,
1393 2321 1568 2401 470}
1655 2377 1660 2382 .

511 2437 577 2509 7,
627 2436 726 2493 16.
797 2431 1019 2507 Recepi
1062 2433 1126 2490 et
1169 2431 1283 2490 hoc
1323 2426 1453 2492 loco
1504 2433 1565 2491 et
1610 2432 1744 2493 aliis
1798 2434 2123 2511 nonnullis,
2183 2434 2294 2494 ubi

374 2541 481 2598 per
526 2521 692 2581 codd.
731 2536 883 2581 saec.
928 2538 968 2578 x
1008 2537 1370 2596 quamquam
1414 2539 1661 2581 numero
1704 2522 2014 2598 pauciores
2061 2524 2293 2597 liceret,

373 2609 524 2668 illud
559 2626 679 2671 nec.
751 2609 1013 2667 Tantum
1049 2607 1209 2667 enim
1248 2609 1424 2669 abest
1466 2610 1539 2668 ut
1583 2609 2040 2670 adsentiendum
2058 2635 2061 2639 “
2081 2614 2295 2688 putem

373 2697 671 2757 Meinekio
719 2696 823 2773 qui
866 2694 1172 2755 interdum
1213 2698 1386 2757 velut
1429 2715 1476 2757 c.
1521 2716 1592 2772 11,
1644 2695 1710 2772 9,
1757 2701 1817 2759 4.
1866 2700 1946 2759 15
2007 2718 2079 2759 ex
2133 2698 2295 2758 arbi-

375 2786 491 2846 trio
537 2785 805 2862 reposuit
847 2801 1026 2857 neque
1036 2828 1051 2857 ,
1100 2788 1170 2844 ut
1215 2786 1280 2844 id
1322 2786 1522 2861 potius
1569 2805 1607 2845 a
1648 2787 1854 2864 lyricis
1902 2790 1965 2846 et
1999 2787 2294 2860 iambicis,

373 2875 548 2934 modo
601 2874 782 2933 liceat
834 2892 942 2950 per
985 2875 1272 2951 metrum,
1329 2876 1757 2936 removendum
1813 2894 1942 2936 esse
1997 2893 2293 2935 censeam.

370 2961 646 3021 Videnda
691 2980 844 3038 quae
888 2962 1094 3023 notavi
1139 2961 1193 3022 d.
1230 2983 1279 3021 r.
1317 2982 1397 3025 m.
1444 2965 1569 3024 395
1621 2983 1745 3041 sqq.

509 3070 573 3145 7,
622 3068 721 3126 19.
790 3066 952 3125 Illud
995 3068 1155 3127 molli
1206 3067 1633 3144 imperativum
1682 3069 1882 3144 potius
1931 3086 2063 3128 esse
2110 3085 2298 3143 quam

368 3155 702 3215 ablativum
755 3172 831 3214 ne
883 3174 1041 3216 nunc
1095 3155 1336 3232 quidem
1387 3157 1534 3215 mihi
1582 3155 1824 3217 videtur
1877 3155 2298 3232 improbabile.

373 3241 745 3319 Quamquam
797 3245 998 3320 potuit
1049 3244 1339 3304 Horatius
1396 3244 1593 3304 dicere
1648 3244 1708 3304 h.
1752 3245 1791 3302 l.
1837 3246 2013 3316 finire
2064 3246 2301 3306 labores

370 3334 521 3392 vitae
566 3331 773 3391 eadem
828 3352 963 3393 cum
1008 3333 1366 3410 hyperbola,
1421 3351 1541 3408 qua
1592 3350 1739 3392 usus
1788 3335 1881 3391 est
1924 3350 2021 3411 111,
2068 3336 2136 3410 4,
2186 3336 2299 3395 39.

507 3443 564 3514 7,
595 3440 676 3499 27
714 3440 802 3500 nil
837 3441 1262 3515 desperandum
1292 3438 1509 3498 Teucro
1546 3440 1688 3499 duce
1714 3443 1765 3500 et
1792 3442 2025 3514 auspice
2054 3440 2302 3501 TeucrO.
