2514 3950
397 164 522 231 218
1098 168 1610 226 EPIsTVLARVM
2271 169 2340 241 [1.

522 332 764 398 Romae
808 332 990 397 dulce
1035 332 1143 398 diu
1184 332 1309 396 fuit
1351 334 1416 396 et
1457 332 1762 397 sollemne
1804 330 2050 395 reclusa

523 416 715 482 Mane
760 417 949 482 domo
992 417 1056 482 vi
1110 417 1288 500 'lare‚
1337 416 1555 481 clienti
1597 436 1888 500 promere
1932 415 2101 497 iura,

401 514 497 564 105
530 500 768 567 Cautes
810 501 1059 567 nomini
1105 522 1181 565 us
1223 500 1414 565 rectis
1460 499 1812 584 expendere
1853 517 2186 582 nummos,

524 584 800 650 Maiores
844 585 1091 668 audire,
1138 584 1373 649 minori
1417 583 1624 649 dicere
1667 604 1781 668 per
1825 603 1985 666 quae

527 667 826 735 Crescere
867 691 968 735 res
1011 671 1256 752 posset,
1304 668 1507 732 minui
1553 668 1860 732 damnosa
1900 666 2120 731 libido.

402 766 497 817 101
530 752 696 829 Quid
722 754 935 837 placet
960 755 1071 817 aut
1098 752 1338 836 odiost,
1369 751 1538 835 quod
1565 773 1700 817 non
1725 750 2030 816 mutabile
2060 750 2334 816 credas?

524 836 801 903 Mutavit
840 840 1119 902 mentem
1160 837 1436 921 populus
1481 836 1637 901 levis
1647 885 1666 920 ‚
1713 838 1778 901 et
1820 835 1986 900 calet
2025 855 2158 899 uno

529 918 860 986 Scribendi
903 921 1144 986 studio:
1186 921 1368 1005 pueri
1410 924 1748 1005 patresque
1793 918 1995 984 severi

404 1018 502 1069 110
529 1002 783 1070 Fronde
828 1026 1038 1071 comas
1080 1006 1279 1070 vincti
1324 1008 1555 1070 cenant
1591 1008 1658 1070 et
1698 1004 1980 1069 carmina
2020 1002 2286 1068 dictant.

526 1086 675 1172 Ipse
720 1110 869 1175 ego,
916 1091 1023 1174 qui
1063 1090 1278 1156 nullos
1321 1111 1424 1154 me
1466 1089 1729 1154 adfirmo
1771 1088 2045 1153 scribere
2087 1107 2335 1172 versus,

526 1170 829 1239 Iuvenior
871 1173 1123 1240 Parthis
1166 1174 1560 1257 mendacior,
1607 1175 1673 1238 et
1711 1173 1890 1257 prius
1932 1173 2071 1235 orto

530 1254 679 1322 Sole
724 1257 881 1343 vigil
925 1260 1237 1323 calamum
1283 1261 1347 1322 et
1386 1258 1635 1323 chartas
1680 1258 1746 1320 et
1788 1255 2023 1321 scrinia
2061 1275 2283 1339 posco.

526 1338 592 1405 N
596 1342 765 1406 avim
790 1363 978 1427 agere
1007 1344 1270 1441 ignarus
1290 1343 1472 1406 navis
1499 1342 1701 1419 timet,
1732 1340 2111 1404 abrotonum
2134 1359 2335 1424 aegro

405 1438 503 1489 11⁶
530 1422 684 1489 Non
713 1425 903 1491 audet
928 1427 1054 1491 nisi
1084 1428 1191 1511 qui
1215 1425 1438 1491 didicit
1460 1426 1626 1508 dare,
1659 1424 1828 1508 quod
1856 1424 2336 1509 medicorumst,

527 1506 920 1575 Promittunt
961 1512 1219 1593 medici,
1267 1513 1544 1575 tractant
1584 1508 1840 1573 fabrilia
1880 1508 2072 1592 fabri3

530 1591 877 1658 Scribimus
920 1594 1164 1659 indocti
1207 1593 1504 1677 doctique
1545 1596 1836 1677 poemata
1878 1592 2134 1676 passim.

527 1674 654 1740 Hic
699 1697 874 1741 error
914 1680 1133 1743 tamen
1177 1679 1241 1742 et
1281 1677 1439 1743 levis
1481 1678 1640 1742 haec
1682 1678 1936 1742 insania
1976 1677 2255 1760 quantas

530 1759 815 1825 Virtutes
857 1760 1092 1826 habeat
1101 1811 1119 1845 ,
1165 1762 1257 1826 sic
1303 1763 1562 1849 collige:
1606 1762 1771 1827 vatis
1816 1782 2040 1826 avarus

405 1857 505 1908 120
530 1843 596 1910 N
599 1866 685 1909 on
738 1847 1040 1911 temerest
1082 1847 1359 1933 animus3
1415 1867 1633 1913 versus
1686 1847 1886 1929 amat,
1940 1845 2062 1909 hoc
2119 1844 2345 1911 studet

1615 1952 1842 1995 unum.
2030 1969 2039 1977 .

529 2015 960 2100 Detrimenta,
1005 2016 1193 2101 fugas
1237 2035 1590 2097 servorum,
1636 1981 1932 2079 incendia
1971 2013 2165 2097 ridet,

528 2098 684 2165 Non
724 2100 1014 2165 fraudem
1059 2100 1230 2164 socio
1272 2119 1547 2183 puerove
1588 2099 1903 2183 incogitat
1942 2098 2141 2162 ullam

528 2181 812 2268 Pupillo;
857 2183 1016 2247 vivit
1058 2183 1303 2266 siliquis
1348 2185 1414 2248 et
1451 2203 1617 2266 pane
1661 2182 1967 2266 secund03

531 2265 801 2330 Militiae
846 2288 1226 2350 quamquam
1268 2267 1453 2352 piger
1496 2269 1561 2331 et
1601 2267 1838 2350 malus,
1882 2265 2058 2330 utilis
2100 2265 2284 2350 urbi,

406 2362 503 2412 125
535 2349 603 2416 Si
648 2350 761 2415 das
803 2350 955 2436 hoc,
999 2352 1211 2435 parvis
1256 2372 1507 2435 quoque
1549 2350 1737 2416 rebus
1779 2371 2017 2498 magna
2056 2349 2285 2417 iuvari.

533 2434 623 2498 Os
666 2438 957 2501 tenerum
1043 2437 1180 2501 ueri
1221 2436 1606 2519 balbumque
1647 2437 1840 2520 poeta
2049 2436 2141 2517 at,

531 2517 817 2601 Torquet
843 2520 923 2583 ab
954 2541 992 2584 o
1039 2521 1285 2585 scaenis
1308 2521 1437 2585 iam
1467 2540 1640 2584 nunc
1663 2518 1941 2584 sermoni
1984 2539 2060 2582 us
2090 2538 2349 2604 aurem,

531 2601 688 2666 Mox
731 2603 925 2666 etiam
965 2607 1187 2687 pectus
1275 2602 1583 2688 raeceptis
1626 2602 1863 2668 format
1904 2602 2158 2685 amicis,

530 2687 915 2770 Asperitatis
960 2689 1025 2752 et
1065 2687 1198 2751 invi
1249 2688 1340 2752 'ae
1383 2690 1701 2752 corrector
1744 2691 1810 2752 et
1849 2687 2012 2770 irae,

409 2782 508 2833 130
533 2769 731 2835 Recte
773 2771 945 2835 facta
986 2771 1207 2854 refert,
1259 2770 1530 2836 orientia
1571 2775 1862 2856 tempora
1903 2770 2075 2835 notis

530 2854 802 2920 Instruit
845 2857 1177 2940 exemplis,
1221 2855 1481 2939 inopem
1525 2854 1765 2920 solatur
1807 2858 1873 2920 et
1914 2874 2198 2940 aegrum.

533 2938 741 3004 Castis
786 2959 929 3003 cum
1016 2940 1184 3004 ueris
1227 2939 1454 3024 ignara
1493 2941 1708 3022 puella
1748 2939 1961 3004 mariti

529 3021 824 3086 Disceret
864 3043 953 3087 un
998 3044 1031 3086 e
1073 3043 1324 3106 preces,
1368 3024 1581 3089 vatem
1622 3025 1693 3089 m’
1734 3023 1923 3088 Musa
1966 3021 2301 3087 dedisset?

530 3104 749 3169 Poscit
792 3125 979 3189 opem
1024 3106 1252 3171 chorus
1298 3109 1363 3178 et
1403 3108 1764 3191 praesentia
1804 3107 2072 3173 numina
2114 3107 2355 3193 sentit,

407 3201 504 3252 135
536 3189 857 3256 Caelestes
899 3190 969 3254 in
1013 3191 1180 3255 lorat
1221 3211 1417 3275 aquas
1462 3191 1649 3256 docta
1688 3212 1875 3276 prece
1917 3189 2195 3256 blandus
2207 3238 2230 3275 ‚

530 3274 785 3339 Avertit
826 3296 968 3339 mor
1013 3296 1115 3358 os,
1160 3275 1501 3340 metuenda
1541 3275 1824 3360 pericula
1864 3275 2076 3359 pellit,

530 3357 821 3440 Inpetrat
855 3362 919 3424 et
945 3380 1168 3443 pacem
1199 3361 1266 3424 et
1305 3360 1689 3444 locupletem
1730 3360 2024 3444 frugibus
2068 3379 2359 3428 annum.

530 3439 827 3507 Carmine
871 3443 936 3508 di
980 3443 1191 3528 superi
1230 3444 1598 3530 placantur,
1643 3443 1921 3508 carmine
1963 3442 2217 3511 Manes-
