2514 3950
388 162 511 229 196
1081 163 1600 220 EPISTVLARVM
2164 163 2319 238 [vn⁸

510 329 631 395 Sae
679 350 713 394 e
754 327 1181 394 verecundum
1222 327 1529 411 laudasti,
1571 347 1807 411 rexque
1848 328 2158 410 paterque

508 415 615 478 Au
663 413 766 478 ‘sti
808 434 1051 496 coram,
1094 433 1216 477 nec
1256 412 1451 477 verbo
1495 411 1747 496 parcius
1789 409 2055 475 absens:

509 498 764 582 Inspice
822 499 877 561 si
981 518 1197 562 ossum
1240 495 1480 561 donata
1520 515 1829 580 reponere
1870 495 2096 558 laetus.

380 595 452 648 40
512 582 703 647 Haud
744 582 912 646 male
1010 579 1369 646 elemachus
1382 628 1402 663 ,
1445 580 1659 665 proles
1700 578 2003 663 patientis
2045 577 2261 645 Vlixi:

512 666 690 734 ‘Non
720 669 818 731 est
847 668 1033 749 aptus
1063 665 1241 749 equis
1270 663 1491 729 Ithace
1520 664 1699 730 locus
1710 712 1730 747 ,
1760 665 1833 728 ut
1859 684 2064 748 neque
2096 663 2320 747 planis

507 751 846 816 Pol-rectus
894 749 1118 833 spatiis
1158 769 1280 813 nec
1322 749 1560 813 multae
1649 747 1909 833 rodigus
1937 746 2204 832 herba03

508 834 765 918 Atride,
809 833 1018 918 magis
1062 836 1216 917 apta
1253 832 1376 897 tibi
1419 835 1533 898 tua
1620 853 1746 898 ona
1786 832 2191 917 relinquam.’

507 918 785 983 Parvum
811 939 1009 1002 parva
1043 917 1299 983 decent:
1343 917 1505 982 mihi
1547 916 1677 985 iam
1717 938 1853 982 non
1879 937 1948 981 re
2001 916 2059 982 'a
2086 915 2322 1003 Roma,

385 1015 449 1066 45
514 1002 639 1068 Sed
680 1023 951 1067 vacuum
994 1001 1193 1067 Tibur
1232 1002 1446 1087 placet
1486 1005 1597 1067 aut
1636 1001 1872 1066 inbelle
1970 1004 2291 1066 arentum.

510 1087 819 1153 Strenuus
865 1089 929 1152 et
970 1087 1160 1152 fortis
1206 1087 1538 1171 causisque
1579 1085 1915 1170 Philippus
1960 1085 2232 1171 agendis

508 1171 735 1239 Clarus
748 1221 767 1256 ,
812 1170 892 1236 ab
935 1171 1166 1235 officiis
1211 1173 1503 1236 octavam
1546 1170 1796 1236 circiter
1838 1169 2064 1235 horam

506 1255 682 1321 Dum
721 1256 889 1324 redit
931 1258 1121 1339 atque
1163 1254 1331 1321 Foro
1375 1255 1647 1320 nimium
1691 1254 1926 1319 distare
1971 1253 2247 1320 Carinas

506 1340 648 1405 Iam
689 1339 952 1426 grandis
980 1342 1140 1403 natu
1173 1340 1495 1423 queritur,
1542 1338 1901 1423 conspexit,
1944 1340 2019 1402 ut
2053 1339 2276 1422 aiunt,

378 1436 448 1488 50
505 1425 826 1490 Adrasum
868 1424 1186 1507 quendam
1227 1445 1427 1489 vacua
1467 1424 1748 1489 tonsoris
1791 1423 1863 1487 in
1903 1422 2131 1488 umbra

509 1508 785 1575 Cultello
829 1509 1124 1592 proprios
1166 1512 1550 1594 purgantem
1592 1508 1820 1572 leniter
1860 1528 2128 1655 unffi&

508 1592 823 1657 ‘Demetri
830 1599 875 1674 ‚⁹
924 1593 1109 1677 (puer
1149 1591 1257 1656 hic
1298 1613 1434 1657 non
1476 1593 1655 1657 laeve
1695 1592 1870 1656 iussa
1911 1591 1965 1656 P
2016 1591 2029 1605 ‘
2066 1591 2202 1677 ’ppi

504 1675 910 1761 Accipiebat)
942 1675 1092 1759 ‘abi,
1124 1696 1353 1760 quaere
1382 1679 1447 1741 et
1472 1676 1659 1760 refer,
1689 1675 1857 1740 unde
1888 1677 2099 1759 dom0‚
2143 1678 2323 1761 quis,

508 1759 705 1826 Cuius
747 1760 1074 1843 fortunae,
1122 1780 1245 1843 quo
1291 1760 1376 1825 sit
1416 1764 1597 1845 patre
1641 1780 1845 1844 quove
1886 1764 2216 1845 patrono.’

377 1856 446 1907 55
509 1845 600 1928 It,
643 1844 810 1909 redit
853 1847 920 1909 et
957 1847 1206 1929 narrat,
1250 1844 1580 1911 Vulteium
1619 1845 1881 1909 nomine
1923 1844 2217 1928 Menam,

505 1929 924 2014 Praeconem,
969 1929 1149 1996 tenui
1192 1950 1417 2015 censu,
1464 1930 1600 1996 sine
1644 1928 1927 2014 crimine,
1969 1931 2201 1995 notum

503 2015 595 2080 Et
632 2036 974 2100 properare
1017 2015 1160 2080 loco
1206 2017 1273 2079 et
1315 2036 1561 2080 cessare
1637 2016 1703 2078 et
1748 2035 2045 2097 quaerere
2075 2017 2143 2079 et
2187 2017 2328 2101 uti,

505 2099 903 2165 Gaudentem
945 2100 1286 2183 parvisque
1330 2099 1651 2164 sodalibus
1696 2101 1761 2163 et
1802 2099 1934 2163 lare
1976 2102 2155 2164 curto

504 2183 595 2247 Et
636 2182 803 2247 ludis
848 2185 912 2245 et
951 2185 1101 2266 post
1143 2182 1359 2247 decisa
1399 2183 1664 2269 negotia
1706 2180 1867 2248 Cam
1913 2203 1972 2249 0.

376 2281 446 2331 60
510 2265 764 2332 ‘Scitari
806 2265 965 2330 libet
1006 2286 1083 2330 ex
1124 2266 1267 2349 ipso
1311 2267 1751 2351 quodcumque
1792 2205 2022 2333 refers:
2068 2267 2204 2354 dic,

502 2351 609 2415 Ad
652 2372 875 2416 cenam
915 2350 1176 2415 veniat?
1263 2349 1417 2417 Non
1460 2372 1614 2416 sane
1658 2351 1913 2417 credere
1953 2351 2181 2437 Mena,

502 2434 727 2498 Mirari
771 2455 986 2500 secum
1027 2434 1282 2499 tacitus,
1373 2435 1540 2511 Quid
1583 2436 1831 2501 multa?
1919 2436 2280 2522 ‘Benigne’

502 2517 896 2602 Respondet.
963 2517 1199 2604 ‘Neget
1240 2520 1351 2586 ille
1394 2519 1664 2669 mihi'P’¹²
1691 2520 1782 2670 ’Ξ
1783 2524 1934 2606 egat
1973 2520 2308 2605 inprobus

1599 2627 1634 2671 e

500 2686 567 2753 N
569 2685 799 2785 egligit
839 2687 949 2750 aut
988 2684 1250 2750 horret?
1324 2686 1653 2754 Vulteium
1694 2711 1882 2755 mane
1923 2689 2278 2774 Philippus

374 2784 441 2835 65
503 2770 681 2837 Viha
720 2771 1102 2837 vendentem
1144 2770 1431 2835 tunicato
1477 2776 1688 2838 scruta
1728 2774 1986 2857 popello

502 2855 790 2941 Occupat
832 2858 898 2921 et
940 2855 1181 2921 salvere
1224 2854 1406 2919 iubet
1439 2856 1649 2941 -prior3
1694 2858 1805 2922 ille
1847 2857 2148 2943 Philippo

497 2940 821 3005 Excusare
863 2940 1148 3005 laborem
1192 2941 1259 3003 et
1299 2942 1738 3005 mercennaria
1778 2941 2019 3025 vincla,

499 3023 685 3099 Quod
705 3044 839 3087 non
857 3044 1046 3088 mane
1070 3022 1331 3088 domum
1352 3024 1650 3111 venisset,
1678 3026 1951 3109 denique
1975 3024 2147 3111 quod
2172 3047 2332 3093 non

496 3106 889 3172 Providisset
931 3128 1094 3172 eum.
1183 3106 1312 3173 ‘Sic
1361 3108 1377 3122 '
1473 3110 1679 3176 ovisse
1722 3113 1947 3194 putato

374 3207 441 3257 70
501 3192 609 3256 Me
675 3191 798 3256 tibi
805 3239 827 3276 ‚
893 3191 948 3257 si
1015 3212 1204 3256 cenas
1268 3192 1354 3257 ho
1425 3215 1459 3259 e
1522 3200 1818 3345 mefium?
1927 3193 2042 3260 ‘Vt
2099 3194 2330 3262 libet.’

1590 3286 1611 3317 ‘
1672 3302 1707 3344 r
1753 3300 1791 3345 o

497 3360 656 3425 Post
694 3382 934 3425 nonam
976 3361 1222 3448 venies3
1267 3384 1441 3429 nunc
1482 3365 1538 3448 i,
1582 3302 1752 3429 remg
1761 3367 2055 3429 strenuus
2088 3372 2327 3451 auge!

498 3444 592 3510 Vt
631 3448 891 3510 ventum
935 3445 1015 3511 ad
1060 3450 1346 3512 cenamst
1356 3497 1377 3533 ,
1425 3447 1692 3513 dicenda
1733 3449 2005 3514 tacenda
2047 3449 2329 3516 locutus
