2514 3950
231 172 320 247 11.]

1028 178 1244 235 LIBER
1286 180 1355 238 Π.

436 335 782 402 Redditum
828 337 979 421 Cyri
1025 340 1185 404 solio
1229 340 1593 412 Phrahaten

434 418 768 486 Dissidens
811 423 986 505 plebi
1026 445 1292 489 numero
1338 427 1670 494 beatorum

434 502 950 654 Effloffl}
1003 509 1436 594 populumque
1479 512 1658 577 falsis

434 703 715 770 Vocibus
729 756 748 791 ,
792 729 1064 805 regnum
1108 712 1173 774 et
1217 710 1507 775 diadema
1548 715 1759 778 tutum

433 786 743 854 Deferens
786 814 900 855 um
940 794 1390 879 propriamque
1435 796 1713 882 laurum,

436 870 733 956 Quisquis
777 875 1072 960 ingenkes
1118 880 1303 943 oeulo
1349 879 1659 946 inressorto

529 954 790 1040 Spectat
833 979 1108 1025 acervos,

1112 1213 1238 1288 IH.

431 1340 723 1424 Aequam
764 1345 1083 1408 memensso
1126 1345 1315 1409 rebus
1359 1347 1430 1410 in
1472 1348 1685 1414 arduis

433 1422 696 1490 Servare
738 1428 1019 1492 menizem
1028 1477 1047 1512 ,
1092 1449 1226 1493 non
1268 1451 1449 1496 secus
1494 1432 1565 1496 in
1605 1434 1793 1500 bonis

523 1509 630 1574 Ab
673 1509 978 1575 insolenti
1019 1516 1437 1596 temperatam

623 1592 898 1659 Laetitia
910 1644 929 1679 ,
974 1599 1279 1663 moriture
1322 1598 1525 1684 Delli,

433 1707 559 1773 Seu
600 1713 877 1776 maestus
923 1715 1098 1778 omni
1139 1718 1427 1800 ssempore
1471 1718 1732 1804 vixeris,

430 1790 556 1858 Seu
597 1797 662 1858 iae
704 1795 775 1859 in
815 1800 1060 1862 remoto
1103 1801 1393 1884 gramine
1445 1824 1561 1884 per
1604 1802 1737 1868 dies

519 1875 743 1943 Fesfios
787 1880 1165 1945 reclinatum
1205 1883 1413 1948 bearis

619 1960 931 2027 Inberiore
972 1967 1129 2028 noi-‚a
1169 1964 1442 2031 Falerni.

429 2076 568 2153 Quo
611 2079 802 2161 pinus
846 2081 1075 2165 ingens
1120 2082 1388 2168 albaque
1430 2087 1703 2170 populus

423 2158 733 2226 Umbram
774 2162 894 2229 hos
940 2166 1157 2231 italem
1201 2168 1564 2234 consociare
1608 2175 1825 2237 amani:

515 2244 784 2311 Ramis‘?
930 2249 1040 2313 uid
1085 2250 1344 2336 obliquo
1389 2253 1640 2319 laborat

617 2329 910 2417 Lympha
951 2334 1147 2419 fugax
1187 2336 1505 2419 trepidare
1547 2339 1731 2404 rivo‘?

422 2442 567 2510 Huc
609 2447 757 2511 vina
800 2453 865 2513 et
905 2455 1234 2535 unguem-‚a
1276 2456 1343 2516 et
1382 2455 1653 2520 nimium
1694 2457 1915 2524 breves

423 2527 642 2594 Flores
687 2553 990 2597 amoenae
1040 2534 1205 2599 ferre
1247 2535 1394 2601 iube
1435 2560 1645 2625 rosae,

513 2611 684 2678 Dum
727 2636 829 2679 res
874 2619 940 2680 et
981 2620 1154 2682 aetas
1198 2622 1265 2683 eb
1305 2642 1594 2688 sororum

614 2695 756 2762 Fila
796 2699 991 2765 trium
1032 2703 1367 2785 paffiunizur
1407 2709 1560 2771 aiffa.

423 2810 624 2878 Cedes
668 2818 976 2900 coemptis
1023 2820 1289 2887 saltibus
1335 2826 1401 2886 et
1443 2824 1631 2887 domo

420 2894 553 2961 Vill
633 2919 742 2983 ue,
785 2900 984 2967 flavus
1030 2925 1219 2987 quam
1266 2905 1512 2970 Tiberis
1557 2906 1713 2971 lavit
1724 2956 1745 2991 ,

513 2979 602 3067 Oe
648 3003 714 3046 es
724 3031 743 3066 ,
791 2988 857 3048 et
898 2988 1235 3051 exsssruotis
1279 2988 1352 3051 in
1393 2990 1594 3054 album

611 3064 869 3132 Divitiis
911 3070 1193 3151 potie’uur
1232 3070 1437 3139 heres.

418 3178 695 3248 Divesne
736 3185 949 3267 priseo
992 3190 1179 3253 nat-us
1225 3190 1304 3254 ab
1347 3190 1587 3259 Inacho

418 3262 532 3327 Nil
572 3266 839 3333 interest
881 3291 964 3335 an
1005 3293 1245 3356 pauper
1290 3279 1355 3339 et
1394 3277 1615 3343 infima

508 3346 606 3412 De
608 3355 840 3497 Vgenlze
883 3355 1002 3419 sub
1047 3356 1192 3423 divo
1236 3363 1533 3447 moreris,

534 3442 537 3446 ⁴
670 3435 888 3502 iotima
929 3440 1024 3505 nil
1065 3442 1428 3511 miserantis
1476 3446 1640 3513 Oroi.

306 3527 563 3575 Hom‘rrvs.
1796 3556 1834 3605 3

2069 180 2158 246 33

2074 611 2157 665 ¹20

2078 2189 2146 2239 10

2078 2641 2143 2690 15

2070 3093 2140 3141 20
