2514 3950
242 168 450 245 xm]
1035 172 1251 227 mena
1291 172 1337 229 1.

1069 405 1329 479 XXXI.

439 535 606 612 Quid
649 535 1008 601 dedicatum
1049 536 1262 620 poscit
1302 536 1672 619 Apollinem

436 619 678 685 Vates?
747 619 913 696 Quid
957 623 1129 703 orat,
1176 620 1254 684 de
1344 623 1517 684 atera
1557 642 1795 686 novum

527 703 827 769 Fundens
870 703 1229 788 liquorem?
1356 725 1442 770 on
1485 705 1733 788 opimae

632 787 961 854 Sardiniae
1005 791 1254 874 segetes
1305 789 1546 853 feraces
1558 837 1578 871 ,

436 922 590 987 Non
632 925 961 988 aestuosae
1003 926 1045 1005 †
1061 926 1248 1008 grata
1286 922 1616 988 Calabriae

437 1005 777 1088 Armenta,
821 1027 957 1100 non
1000 1028 1224 1070 aurum
1268 1010 1378 1070 aut
1422 1007 1578 1071 ebur
1619 1007 1938 1090 Indicum,

528 1088 594 1153 N
597 1109 684 1151 on
725 1110 902 1171 rura,
926 1110 1106 1172 equae
1149 1090 1316 1152 Liris
1367 1091 1581 1172 quieta

630 1170 884 1235 Mordet
913 1193 1079 1255 aqua
1119 1173 1479 1236 taciturnus
1523 1174 1746 1238 amnis,

436 1293 740 1369 Fremant
783 1302 1088 1370 Calenam
1129 1304 1298 1370 falce
1343 1304 1571 1387 quibus
1616 1304 1789 1368 dedit

436 1387 722 1452 Fortuna
763 1388 986 1471 vitem,
1034 1388 1209 1453 dives
1254 1389 1321 1451 et
1363 1387 1567 1450 aureis

528 1472 848 1536 Mercator
890 1471 1163 1536 exsiccet
1206 1470 1455 1536 culullis

629 1555 800 1621 Vina
843 1554 1001 1640 Syra
1041 1558 1339 1640 reparata
1380 1576 1618 1638 merce,

436 1689 556 1755 Dis
602 1712 782 1755 carus
826 1690 1018 1774 ipsis,
1064 1692 1300 1775 quippe
1342 1693 1440 1754 ter
1483 1693 1549 1754 et
1591 1694 1814 1773 quater

436 1775 632 1839 Anno
674 1773 956 1839 revisens
1001 1796 1237 1858 aequor
1279 1774 1677 1838 Atlanticum

529 1857 609 1922 In
652 1879 797 1922 une.
883 1856 991 1921 Me
1034 1861 1308 1941 pascunt
1351 1857 1584 1941 olivae,

703 1962 738 2004 e
784 1939 1076 2005 cichorea
1117 1940 1411 2024 levesque
1453 1942 1719 2005 malvae.

440 2073 595 2138 Frui
636 2074 875 2157 paratis
921 2077 986 2138 et
1026 2073 1235 2138 valido
1279 2073 1469 2157 mihi,

438 2156 670 2240 Latoe,
716 2156 915 2221 dones
948 2180 1024 2226 ac
1061 2179 1289 2243 precor
1330 2158 1581 2244 integra

533 2240 696 2308 Cum
738 2244 951 2307 mente
992 2263 1112 2307 nec
1151 2245 1405 2330 turpem
1449 2245 1770 2307 senectam

631 2323 882 2411 Degere
924 2347 1044 2393 nec
1089 2326 1334 2391 cithara
1377 2330 1715 2391 carentem.

1036 2665 1240 2738 XXX
1249 2666 1333 2742 Π.

437 2795 787 2862 Poscimur.
847 2794 1070 2880 Siquid
1112 2798 1297 2861 vacui
1341 2797 1457 2861 sub
1500 2798 1726 2863 umbra

436 2879 732 2945 Lusimus
775 2883 1015 2965 tecum,
1061 2880 1230 2965 quod
1274 2884 1340 2945 et
1380 2880 1551 2945 hunc
1593 2882 1662 2945 in
1704 2903 1941 2946 annum

435 2962 635 3029 Vivat
677 2967 741 3029 et
780 2965 1025 3047 plures,
1073 2985 1192 3049 age
1243 2964 1346 3028 dic
1389 2964 1716 3048 Latinum,

528 3047 791 3112 Barbite
804 3096 823 3130 ‚
870 3069 1153 3130 carmen,

436 3180 668 3247 Lesbio
711 3180 988 3266 primum
1031 3182 1356 3248 modulate
1401 3183 1550 3267 civi,

441 3263 565 3340 Qui
606 3265 787 3330 ferox
829 3265 999 3331 bello
1043 3269 1263 3331 tamen
1305 3267 1472 3332 inter
1514 3290 1718 3352 arma,

441 3345 585 3413 Sive
628 3350 928 3415 iactatam
970 3350 1276 3437 religarat
1318 3351 1444 3417 udo

533 3430 747 3498 Litore
789 3435 1034 3521 navim,

2072 166 2156 231 25

2090 1401 2155 1451 10

2088 1869 2151 1919 15

2088 2340 2154 2388 20
