2514 3950
114 201 119 206 ·
206 207 319 280 111.]
994 206 1209 261 mez
1250 206 1325 264 Π.
2003 199 2128 267 237

206 368 542 452 Respicere
586 369 909 453 exemplar
949 369 1120 433 vitae
1161 388 1537 452 morumque
1580 368 1810 433 iubebo

205 452 480 518 Doctum
522 454 912 518 imitatorem
987 456 1051 518 et
1091 453 1271 517 vivas
1314 451 1466 517 hinc
1510 452 1736 517 ducere
1778 473 1986 518 voces.

203 537 530 602 Interdum
573 539 861 622 speciosa
902 538 1061 602 locis
1103 541 1474 621 morataque
1515 540 1688 602 recte

201 620 444 686 Fabula
483 623 721 687 nullius
765 622 1013 687 veneris
1026 672 1043 704 ,
1090 622 1228 686 sine
1318 622 1553 687 o'ndere
1598 624 1663 685 et
1705 623 1869 705 arte,
2029 634 2131 685 320

199 704 463 771 Valdius
507 707 787 773 oblectat
825 707 1134 792 populum
1176 645 1529 791 meliusque
1571 710 1883 788 moratur,

200 790 406 866 Quam
448 813 667 856 versus
709 792 936 875 inopes
978 814 1192 857 rerum
1234 812 1571 877 nugaeque
1615 811 1904 855 canorae.

199 874 386 939 Grais
429 876 789 961 ingenium,
844 876 1031 941 Grais
1075 876 1252 941 dedit
1294 897 1404 940 ore
1447 875 1722 940 rotundo

196 959 383 1024 Musa
424 961 629 1044 loqui,
674 963 926 1056 praeter
966 960 1218 1024 laudem
1260 960 1498 1023 nullius
1542 960 1768 1025 avaris.

196 1043 473 1106 Romani
513 1065 696 1139 pueri
737 1043 953 1128 longis
994 1043 1350 1108 rationibus
1395 1063 1602 1107 assem
2027 1055 2129 1107 825

198 1125 476 1190 Discunt
516 1149 588 1189 m
628 1130 843 1210 partes
888 1130 1144 1191 centum
1188 1126 1505 1192 diducere.
1591 1126 1805 1192 ‘Dicat

200 1209 403 1274 Filius
447 1210 703 1274 Albini:
759 1211 814 1276 si
858 1211 936 1276 de
980 1212 1335 1294 quincunce
1377 1213 1685 1275 remotast

198 1293 424 1376 Vncia,
449 1294 602 1378 quid
624 1294 924 1378 superat?
947 1294 1214 1360 Poteras
1235 1295 1512 1360 dixisse'.
1541 1294 1833 1360 ‘'Priens.'
1858 1294 2013 1361 εΕιιέ

196 1378 360 1443 Rem
386 1380 629 1462 poteris
661 1400 911 1444 servare
949 1383 1145 1444 tuam.
1203 1379 1397 1444 Redit
1422 1379 1632 1462 uncia,
1678 1379 1831 1463 quid
1858 1379 1934 1443 fit
1942 1379 2001 1443 Ῥ

197 1462 474 1527 ‘Samia'
548 1465 641 1528 At
681 1463 839 1528 haec
881 1463 1129 1529 animos
1173 1484 1409 1549 aerugo
1454 1466 1521 1528 et
1564 1485 1713 1528 cura
1754 1463 1965 1548 peculi
2029 1476 2130 1527 330

196 1546 364 1612 Cum
407 1548 603 1612 semel
644 1548 975 1631 imbuerit,
1021 1569 1349 1633 speramus
1393 1548 1677 1613 carmina
1717 1548 1880 1633 fingi

195 1631 395 1697 Posse
438 1632 697 1697 linenda
740 1632 927 1698 cedro
973 1635 1037 1697 et
1079 1633 1206 1698 levi
1248 1632 1559 1697 servanda
1602 1630 1949 1716 cupresso?

281 1718 417 1782 Aut
458 1717 759 1802 prodesse
791 1718 1045 1800 volunt,
1089 1720 1200 1782 aut
1240 1718 1552 1783 delectare
1593 1720 1849 1802 poetae,

193 1802 334 1865 Aut
376 1802 566 1865 simul
610 1805 675 1865 et
714 1800 991 1865 iucunda
1033 1805 1100 1864 et
1139 1802 1372 1865 idonea
1413 1802 1622 1866 dicere
1665 1802 1857 1866 vitae.

195 1884 523 1967 Quidquid
562 1885 912 1981 praecipies
926 1932 944 1965 ,
990 1887 1127 1947 esto
1170 1883 1410 1965 brevis,
1455 1887 1528 1948 ut
1571 1884 1699 1948 cito
1744 1884 1914 1948 dicta
2029 1896 2130 1948 335

195 1968 567 2051 Percipiant
609 1967 807 2032 animi
856 1967 1093 2033 dociles
1136 1969 1523 2051 teneantque
1565 1967 1812 2033 fideles:

197 2051 410 2115 Omne
454 2073 908 2135 supervacuum
949 2053 1142 2137 pleno
1189 2053 1267 2117 de
1309 2055 1566 2136 pectore
1608 2055 1848 2117 manat.

197 2135 388 2201 Ficta
427 2137 774 2220 voluptatis
817 2158 1009 2201 causa
1052 2137 1184 2201 sint
1222 2137 1516 2221 proxima
1556 2137 1755 2220 veris,

195 2219 303 2285 Ne
348 2220 661 2305 quodcum
706 2243 784 2286 ue
825 2221 999 2286 volet
1038 2224 1263 2306 poscat
1305 2221 1428 2286 sibi
1469 2221 1685 2286 fabula
1724 2221 1925 2303 credi,

195 2303 347 2370 Neu
389 2327 657 2389 pransae
738 2306 942 2370 amiae
969 2306 1185 2370 vivum
1219 2327 1488 2390 puerum
1516 2305 1809 2371 extrahat
1837 2307 1997 2370 alv0.
2028 2317 2132 2368 340

199 2390 538 2454 Centuriae
582 2390 905 2454 seniorum
948 2391 1201 2476 agitant
1243 2391 1528 2474 expertia
1567 2391 1775 2475 frugis
1785 2440 1805 2474 ,

196 2471 376 2538 Celsi
417 2477 822 2558 praetereunt
864 2477 1120 2539 austera
1160 2477 1461 2557 poemata
1501 2473 1807 2539 Ramnes:

197 2556 410 2627 Omne
452 2558 601 2620 tulit
640 2562 948 2641 punctum
958 2607 978 2641 ,
1024 2558 1135 2641 qui
1164 2559 1433 2623 miscuit
1474 2559 1630 2623 utile
1674 2559 1875 2642 dulci,

196 2641 536 2705 Lectorem
578 2642 947 2707 delectando
995 2642 1358 2727 pariterque
1400 2643 1740 2708 monendo,

195 2724 329 2790 Hic
370 2728 574 2790 meret
614 2747 759 2790 aera
800 2727 964 2791 liber
1006 2726 1206 2792 Sosiis
1220 2776 1239 2810 ,
1283 2727 1391 2792 hic
1433 2730 1501 2792 et
1539 2748 1714 2791 mare
1755 2727 1992 2791 transit
2031 2737 2131 2790 345

194 2809 291 2875 Et
333 2809 598 2895 longum
640 2813 796 2876 noto
841 2812 1136 2895 scriptori
1177 2814 1488 2895 prorogat
1529 2832 1771 2874 aevum.

196 2894 368 2960 Sunt
410 2894 640 2959 delicta
680 2899 926 2979 tamen,
972 2895 1199 2979 quibus
1243 2896 1267 2958 i
1361 2894 1568 2958 ovisse
1610 2894 1908 2959 velimus:

191 2978 370 3043 Nam
398 2999 602 3062 neque
626 2978 862 3044 chorda
882 3001 1111 3045 sonum
1140 2977 1253 3042 red
1304 2978 1368 3060 't,
1400 2999 1588 3126 qqem
1612 2978 1752 3042 vult
1778 3000 2004 3044 manus

1420 3083 1455 3126 e
1524 3084 1706 3127 mens
1723 3111 1741 3145 ,

191 3146 624 3230 Poscentique
666 3168 926 3233 gravem
966 3167 1272 3231 persaepe
1313 3147 1584 3213 remittit
1627 3150 1912 3232 acutum,

194 3230 340 3296 Nec
371 3250 506 3294 sem
552 3252 621 3295 er
647 3231 861 3314 feriet,
906 3231 1344 3316 quodcumque
1373 3232 1749 3315 minabitur,
1795 3254 1999 3297 arcuS.
2032 3244 2134 3295 350

196 3314 444 3378 Verum
476 3336 520 3378 u
563 3315 588 3379 i
613 3316 799 3399 plura
815 3316 1025 3380 nitent
1052 3317 1123 3381 in
1148 3317 1448 3401 carmine,
1477 3338 1613 3381 non
1633 3337 1754 3400 ego
1783 3318 2005 3401 paucis

192 3397 507 3463 Offendar
548 3400 844 3484 maculis,
892 3421 1050 3485 quas
1095 3404 1205 3465 aut
1247 3401 1493 3466 incuria
1533 3400 1703 3465 fudit

185 3484 338 3548 Aut
378 3482 659 3549 humana
698 3506 925 3569 parum
968 3485 1135 3550 cavit
1176 3490 1423 3551 natura.
1514 3485 1683 3563 Quid
1727 3485 1987 3572 ergost?
