2514 3950
377 162 456 226 16

372 1405 438 1454 10

371 1875 434 1925 15

365 2347 434 2398 20

364 2869 493 2938 25³

1130 168 1526 225 CARmNVM

1212 402 1441 478 XVII.

622 532 830 600 Velox
874 554 1214 599 amoenum
1257 555 1447 618 saepe
1489 534 1872 599 Lucretilem

623 617 835 684 Mutat
875 618 1125 701 Lycaeo
1168 618 1429 683 Faunus
1476 621 1542 683 et
1582 619 1843 717 igneam

714 702 1022 767 Defendit
1063 705 1372 768 aestatem
1415 702 1676 787 capellis

816 785 1034 870 Vsque
1077 787 1236 852 meis
1269 787 1648 871 pluviosque
1691 790 1938 854 ventos.

619 921 870 1005 Inpune
912 924 1123 986 tutum
1164 944 1281 1008 per
1322 943 1545 987 nemus
1591 922 1850 987 arbutos

623 1005 951 1080 Quaerunt
990 1007 1265 1072 latentes
1310 1009 1375 1071 et
1413 1006 1638 1104 thyma
1681 1005 1899 1071 deviae

719 1088 964 1155 Olentis
1007 1112 1238 1156 uxores
1282 1091 1527 1174 marita,

815 1174 880 1240 N
882 1196 955 1240 ec
995 1176 1229 1240 virides
1272 1177 1567 1240 metuunt
1616 1175 1909 1240 colubras

621 1309 762 1374 Nec
802 1310 1129 1384 martiales
1172 1308 1507 1375 Haediliae
1549 1310 1764 1394 lupos,

623 1392 983 1477 Vtcumque
1028 1393 1198 1456 dulci
1208 1441 1228 1474 ‚
1274 1392 1584 1477 Tyndari,
1628 1394 1842 1459 fistula

713 1475 933 1542 Valles
979 1479 1043 1540 et
1083 1475 1343 1542 Vsticae
1389 1478 1679 1542 cubantis

813 1560 1013 1624 Levia
1053 1582 1439 1645 personuere
1482 1584 1655 1627 saxa.

621 1696 709 1761 Di
751 1716 854 1760 me
897 1698 1189 1780 tuentur,
1235 1697 1332 1762 dis
1418 1698 1578 1762 ietas
1620 1718 1763 1762 mea

620 1779 710 1845 Et
750 1778 937 1845 Musa
979 1780 1237 1845 coi-dist.
1403 1802 1438 1846 c
1479 1781 1601 1846 tibi
1645 1782 1829 1865 copia

716 1862 1009 1929 Manabit
1050 1865 1130 1929 ad
1171 1865 1435 1950 plenum
1475 1866 1757 1951 benigno

814 1948 1005 2015 Ruris
1050 1949 1370 2015 honorum
1414 1950 1720 2034 opulenta
1763 1970 1980 2016 cornu.

618 2084 744 2149 Hic
787 2085 857 2149 in
898 2084 1160 2149 reducta
1200 2086 1368 2150 valle
1413 2085 1754 2151 Caniculae

619 2167 873 2233 Vitabis
918 2171 1129 2233 aestus
1142 2217 1161 2252 ‚
1208 2172 1274 2234 et
1314 2169 1438 2233 fide
1482 2170 1639 2234 Teia

712 2252 903 2316 Dices
946 2252 1312 2318 laborantes
1356 2254 1426 2316 in
1468 2274 1596 2318 uno

814 2335 1182 2421 Penelopen
1224 2337 1619 2421 vitreamque
1663 2337 1919 2423 Circen3

618 2469 744 2535 Hic
787 2470 1148 2536 innocentis
1190 2473 1421 2555 pocula
1461 2472 1678 2538 Lesbii

618 2553 828 2619 Duces
873 2556 990 2620 sub
1033 2556 1290 2640 umbra,
1334 2578 1454 2622 nec
1499 2557 1845 2623 Semeleius

713 2637 876 2704 Cum
917 2638 1123 2704 Marte
1168 2640 1521 2705 confundet
1560 2641 1901 2724 Thyoneus

812 2722 1096 2808 Proelia,
1141 2744 1263 2788 nec
1304 2728 1549 2789 metues
1592 2729 1960 2808 protervum

623 2856 933 2941 Suspecta
975 2858 1247 2942 Cyrum,
1293 2879 1376 2922 ne
1419 2857 1586 2921 male
1630 2856 1870 2940 dispari

617 2939 1097 3007 Incontinentes
1141 2941 1365 3006 iniciat
1405 2961 1633 3004 manus

708 3024 800 3089 Et
839 3025 1089 3090 scindat
1129 3025 1500 3089 haerentem
1545 3045 1844 3090 coronam

811 3108 1109 3174 Crinibus
1154 3107 1641 3192 inmeritamque
1682 3111 1946 3175 vestem.

1174 3328 1475 3341 ——-———
