2514 3950
391 145 508 210 186
1091 146 1606 204 Emsrvnmvu
2251 145 2321 218 [1.

511 311 762 395 Restat,
833 313 907 378 ut
977 309 1080 375 his
1152 331 1274 396 ego
1350 330 1453 375 me
1527 310 1664 457 ipsc}
1735 329 1956 457 regffi
2027 307 2325 391 solerque

1605 414 1640 458 e
1666 414 1852 458 emen
1939 441 1954 457 .

512 480 665 546 Non
705 480 915 564 possis
959 479 1145 545 oculo
1192 480 1502 563 quantum
1545 477 1931 545 contendere
1958 475 2284 558 Lynceus:

512 563 577 631 Ν
580 585 665 629 on
706 567 923 629 tamen
965 563 1200 629 idcirco
1244 565 1617 629 contemnas
1661 561 1708 625 li
1754 582 1873 646 pus
1917 560 2221 645 inungui;

388 661 454 711 30
517 648 687 732 Nec,
733 649 883 733 quia
927 647 1220 732 desperes
1265 646 1488 712 invicti
1531 667 1699 711 mem
1744 666 1816 710 ra
1861 643 2173 728 Glyconis
2182 692 2203 728 ,

512 732 575 798 N
580 732 777 797 odosa
820 753 1048 815 corpus
1089 730 1260 813 nolis
1301 728 1640 815 prohibere
1685 728 2009 812 cheragra.

511 816 633 882 Est
676 815 948 899 quadam
989 815 1245 913 prodire
1288 817 1507 900 tenus,
1553 815 1607 879 si
1649 833 1782 879 non
1826 812 2013 877 datur
2055 811 2246 878 ultra.

512 900 744 964 Fervet
787 901 1055 964 avarit1a
1095 900 1454 983 miseroque
1498 920 1576 964 cu
1623 897 1794 962 idine
1836 899 2089 982 pectus:

515 983 679 1048 Sunt
709 984 902 1049 verba
932 987 997 1049 et
1038 1005 1253 1068 voces,
1301 983 1528 1068 quibus
1617 1003 1743 1047 unc
1787 982 1986 1047 lenire
2030 980 2330 1046 dolorem

387 1080 453 1131 85
517 1067 733 1133 Possis
779 1071 844 1134 et
885 1073 1191 1154 magnam
1231 1067 1440 1133 morbi
1484 1067 1800 1152 deponere
1841 1068 2107 1150 partem.

514 1152 746 1218 Laudis
775 1174 991 1219 amore
1034 1156 1273 1218 tumes:
1319 1154 1470 1217 sunt
1511 1152 1686 1216 certa
1727 1150 2005 1235 piacula,
2050 1170 2218 1234 quae
2265 1152 2331 1216 te

514 1236 637 1301 Ter
723 1258 836 1303 ure
880 1238 1046 1303 lecto
1135 1238 1394 1301 oterunt
1435 1256 1719 1300 recreare
1763 1234 2001 1299 libello.

512 1319 656 1385 Invi
700 1343 774 1386 us
786 1370 807 1405 ‚
849 1322 1072 1388 iracun
1115 1342 1221 1404 us,
1267 1321 1471 1405 iners,
1515 1321 1775 1385 vinosus
1787 1367 1806 1402 ‚
1853 1321 2127 1403 amator,

514 1404 722 1470 Nemo
769 1405 925 1470 adeo
970 1406 1144 1470 ferus
1189 1407 1318 1488 est,
1363 1408 1437 1469 ut
1476 1424 1611 1469 non
1652 1404 1984 1469 mitescere
2005 1404 2270 1487 possit,

388 1500 456 1551 40
523 1488 590 1553 Si
632 1488 823 1554 modo
870 1490 1153 1556 culturae
1244 1490 1549 1554 atientem
1594 1487 1955 1553 commodet
1996 1508 2241 1552 aurem.

515 1572 740 1637 Virtus
784 1576 882 1637 est
921 1573 1144 1637 vitium
1185 1511 1257 1638 {El
1305 1593 1408 1638 ere
1454 1575 1519 1637 et
1561 1572 1875 1657 sapientia
1915 1571 2125 1656 prima

518 1655 806 1720 Stultitia
850 1657 1146 1721 caruisse.
1299 1656 1467 1741 ides,
1516 1677 1676 1741 quae
1719 1656 1996 1720 maxima
2039 1655 2256 1720 credis

516 1738 680 1804 Esse
709 1740 911 1824 mala,
957 1740 1255 1826 exiguum
1287 1761 1548 1806 censum
1576 1744 1950 1824 turpemque
1978 1740 2334 1825 repulsam,

516 1823 769 1899 Quanto
817 1824 1056 1891 devites
1101 1825 1300 1889 animi
1344 1825 1694 1909 capitisque
1738 1824 1984 1910 labore5

387 1921 452 1971 45
517 1908 779 1995 Inpiger
823 1912 1139 1975 extremos
1184 1910 1384 1974 curris
1427 1911 1742 1973 mercator
1785 1907 1867 1972 ad
1908 1907 2105 1972 Indos
2111 1956 2135 2006 2

511 1993 637 2058 Per
664 2016 837 2059 mare
866 1995 1233 2079 pauperiem
1262 1994 1335 2059 fu
1380 1994 1550 2078 iens,
1594 2014 1710 2078 per
1740 2014 1918 2077 saxa,
1960 2014 2076 2077 per
2103 2014 2335 2079 1gnes:

513 2077 614 2141 Ne
658 2100 838 2143 cures
884 2099 985 2162 ea,
1033 2100 1195 2175 quae
1239 2016 1433 2143 stulte
1476 2078 1728 2142 miraris
1772 2079 1838 2142 et
1878 2080 2094 2161 optas,

513 2160 776 2225 Discere
820 2164 885 2225 et
928 2161 1145 2226 audire
1190 2165 1257 2226 et
1297 2162 1548 2227 meliori
1592 2160 1844 2226 credere
1885 2181 2020 2226 non
2060 2160 2214 2226 vis?

515 2243 671 2320 Quis
716 2245 954 2309 circum
996 2266 1200 2329 pagos
1245 2249 1312 2310 et
1353 2247 1592 2311 circum
1637 2245 1915 2343 compita
1956 2266 2232 2329 pugnax

388 2341 455 2390 50
516 2327 758 2413 Magna
801 2330 1091 2395 coronari
1133 2332 1504 2395 contemnat
1546 2330 1869 2414 Olympia,
1914 2329 2016 2393 cui
2060 2350 2251 2415 spes,

516 2410 635 2477 Oui
680 2412 766 2476 sit
808 2413 1098 2479 condicio
1144 2414 1346 2480 dulcis
1393 2415 1530 2479 sine
1571 2414 1831 2498 pulvere
1872 2412 2172 2497 palmae?

513 2494 722 2560 Vilius
766 2500 1165 2582 argentumst
1205 2520 1360 2564 auro
1374 2547 1393 2582 ‚
1436 2498 1777 2563 virtutibus
1822 2504 2075 2561 a‘umm:

517 2578 597 2644 Ὀ
642 2581 841 2665 cives,
887 2582 1055 2647 cives
1071 2632 1090 2666 ‚
1140 2581 1501 2665 quaerenda
1589 2582 1812 2648 ecunia
1852 2581 2234 2666 primumst3

513 2663 736 2730 Virtus
778 2668 929 2750 post
955 2671 1303 2749 nummos?
1348 2665 1505 2731 haec
1570 2687 1727 2731 anus
1759 2686 2042 2731 summus
2076 2666 2161 2730 ab
2198 2667 2341 2732 imo

388 2759 452 2809 55
518 2747 861 2833 Prodocet‚
905 2750 1065 2815 haec
1092 2750 1390 2814 recinunt
1414 2751 1675 2815 iuvenes
1718 2750 1955 2814 dictata
1987 2770 2343 2835 senesque.

541 2832 749 2898 Laevo
794 2835 1087 2918 suspensi
1130 2834 1376 2899 loculos
1416 2834 1826 2918 tabulamque
1870 2832 2158 2919 lacert0.]

575 2920 635 2981 st
661 2918 910 2982 animus
951 2918 1072 2982 tibi
1082 2967 1101 3001 ,
1148 2921 1299 2983 sunt
1331 2939 1571 3002 mores,
1617 2921 1715 2983 est
1756 2918 1979 3003 lingua
2003 2917 2348 3005 fidesque,

516 3000 639 3065 Sed
685 3000 1168 3085 quadringentis
1212 3023 1323 3067 sex
1366 3024 1434 3066 se
1478 3005 1611 3067 tem
1652 3001 1829 3067 milia
1871 3002 2130 3072 desunt:

512 3082 703 3147 Plebs
748 3084 890 3147 eris,
977 3084 1070 3149 At
1110 3087 1292 3169 pueri
1335 3087 1403 3151 lu
1447 3089 1624 3151 entes
1669 3094 1802 3151 ‘rex
1846 3085 1994 3150 eris'
2040 3085 2276 3172 aiunt,

388 3180 454 3227 60
520 3166 614 3231 ‘Si
654 3169 825 3230 recte
868 3167 1112 3233 facies!
1198 3169 1325 3235 Hic
1366 3192 1585 3235 murus
1628 3169 1907 3234 aheneus
1947 3171 2119 3235 esto:

513 3248 627 3315 Nil
672 3252 956 3316 conscire
1001 3253 1121 3317 sibi
1137 3301 1156 3336 ,
1200 3254 1380 3317 nulla
1420 3255 1764 3339 pallescere
1803 3254 2008 3337 culpa.

514 3332 776 3418 Roscia,
824 3335 925 3399 dic
968 3335 1184 3418 sodes,
1229 3338 1455 3402 melior
1497 3338 1601 3403 lex
1642 3358 1727 3402 an
1767 3341 2188 3436 puerorumst

516 3415 753 3501 Nouia,
801 3438 960 3502 quae
1002 3439 1275 3503 regnum
1315 3424 1488 3486 recte
1529 3421 1913 3491 facientlbus
1958 3421 2188 3509 offert,

2446 2461 2449 2533 1

2444 2563 2447 2614 ι

2442 2649 2445 2697 ι

2439 2703 2443 2779 1
