2514 3950
153 187 379 260 xv1111.]
935 183 1151 238 LIBER
1191 184 1235 241 1.
1929 175 2055 241 213

150 351 362 417 Libera
401 369 517 431 per
558 368 830 412 vacuum
869 346 1058 430 posui
1099 344 1262 410 vesti
1314 345 1373 408 'a
1421 343 1746 428 princeps,

147 435 289 502 Non
328 434 534 498 aliena
573 453 716 496 meo
759 430 966 514 pressi
1007 428 1187 513 pede.
1334 428 1403 492 ui
1447 428 1570 492 sibi
1611 429 1779 510 fidit,

147 519 285 584 Dux
321 517 487 603 regit
530 537 812 581 examen.
898 514 1123 579 Parios
1168 534 1290 599 ego
1332 512 1576 597 primus
1619 512 1864 577 iambos

147 602 397 669 Ostendi
438 600 622 665 Latio
632 649 652 684 ,
696 620 996 665 numeros
1040 598 1414 681 animosque
1458 600 1711 662 secutus

143 684 533 769 Archilochi,
573 705 709 749 non
748 705 851 749 res
895 686 960 749 et
1002 683 1261 769 agentia
1302 682 1495 747 verba
1536 681 1919 766 Lycamben.
1987 694 2053 744 25

140 773 235 836 Ac
274 793 352 836 ne
393 791 496 834 me
540 769 712 834 foliis
755 769 901 834 ideo
944 766 1336 832 brevioribus
1379 787 1568 831 ornes
1579 814 1599 850 ,

142 855 316 931 Quod
355 854 543 919 timui
585 856 829 918 mutare
871 853 1098 917 modos
1144 856 1210 916 et
1253 851 1551 916 carminis
1595 853 1827 916 artem:

139 939 468 1023 Temperat
487 937 861 1002 Archilochi
881 958 1129 1001 musam
1158 936 1320 1018 pede
1341 936 1626 1000 mascula
1646 935 1927 1020 SapphO,

139 1024 469 1106 Temperat
511 1022 818 1102 Alcaeus,
864 1019 975 1084 sed
1018 1019 1207 1083 rebus
1252 1021 1319 1082 et
1361 1019 1583 1083 ordine
1626 1019 1871 1102 dispar,

137 1107 201 1172 N
203 1128 270 1171 ec
299 1125 587 1170 socerum
627 1103 902 1187 quaerit,
990 1123 1136 1166 uem
1163 1101 1449 1167 versibus
1479 1101 1725 1166 oblinat
1752 1104 1928 1187 atris,
1987 1116 2055 1166 30

137 1190 201 1255 N
204 1211 271 1254 ec
313 1208 584 1273 sponsae
626 1188 921 1271 laqueum
991 1207 1208 1251 amoso
1254 1187 1532 1251 carmine
1575 1186 1799 1251 nectit.

135 1274 323 1340 Hunc
366 1293 516 1358 ego,
561 1293 696 1337 non
738 1272 865 1337 alio
910 1271 1150 1336 dictum
1189 1270 1367 1355 prius
1413 1291 1553 1354 ore,
1596 1270 1833 1336 latinus

133 1357 409 1444 Volgavi
450 1356 710 1441 fidicen3
754 1357 929 1421 iuvat
967 1356 1388 1420 inmemor-ata
1427 1356 1739 1421 ferentem

135 1442 436 1541 Ingenuis
480 1441 804 1525 oculisque
846 1441 978 1538 legi
1018 1440 1437 1524 manibusque
1480 1440 1704 1504 teneri.

135 1525 308 1592 Scire
348 1526 539 1610 velis,
581 1546 725 1591 mea
767 1546 879 1590 cur
919 1527 1210 1611 ingratus
1254 1524 1561 1609 opuscula
1602 1524 1818 1588 lector‘
1988 1536 2052 1586 35

131 1611 372 1676 Laudet
399 1612 691 1694 ametque
722 1610 912 1693 domi,
986 1612 1191 1674 remat
1218 1612 1398 1674 extra
1424 1609 1623 1673 limen
1649 1608 1926 1693 iniquus.

130 1696 282 1762 Non
324 1716 444 1794 ego
486 1698 789 1761 ventosae
830 1632 1038 1779 plebis
1083 1694 1387 1779 suffragia
1430 1715 1627 1759 venor

133 1780 421 1864 1npens1s
466 1801 765 1846 cenarum
809 1783 875 1843 et
915 1780 1104 1843 tritae
1147 1800 1409 1843 munere
1452 1779 1676 1863 vestis3

126 1864 281 1930 Non
324 1884 477 1948 ego,
520 1863 835 1927 nobilium
879 1862 1001 1925 scri
1047 1865 1263 1925 torum
1306 1861 1555 1925 auditor
1598 1864 1663 1925 et
1703 1863 1904 1946 ultor,

131 1947 595 2013 Grammaticas
637 1945 878 2010 ambire
919 1946 1005 2010 tri
1049 1966 1123 2010 us
1169 1949 1234 2009 et
1274 1944 1524 2029 pulpita
1568 1944 1832 2030 dignor:
1987 1956 2055 2009 40

125 2032 300 2096 Hinc
342 2032 490 2095 illae
532 2031 846 2095 lacrimae.
935 2029 1197 2115 ‘Spissis
1237 2029 1508 2114 indigna
1547 2029 1844 2113 theatris,

128 2115 267 2181 Scri
313 2117 382 2180 ta
422 2115 618 2200 pudet
658 2115 925 2180 recitare
968 2117 1033 2179 et
1074 2114 1265 2200 nugis
1309 2114 1537 2178 addere
1579 2114 1855 2198 pondus’

128 2198 197 2265 Si
292 2201 304 2213 ‘
358 2201 371 2213 ⁰
388 2249 408 2284 ,
456 2198 669 2264 ‘rides’
715 2200 834 2283 ait,
880 2201 969 2264 ‘et
1010 2198 1180 2264 Iovis
1224 2199 1481 2264 auribus
1523 2199 1651 2262 ista

127 2283 388 2349 Servas:
433 2283 575 2348 fidis
620 2284 819 2367 enim,
861 2305 1120 2348 manare
1209 2284 1415 2348 oetica
1455 2284 1651 2347 mella

122 2368 216 2433 Te
246 2369 487 2453 solum,
517 2368 637 2432 tibi
663 2367 970 2452 pulcher?
1030 2367 1136 2431 Ad
1224 2389 1337 2431 aec
1365 2388 1485 2452 ego
1525 2366 1784 2431 naribus
1828 2366 1923 2432 uti
1987 2378 2054 2431 45

124 2452 431 2518 Formido
478 2455 571 2535 et,
614 2452 915 2517 luctantis
961 2453 1147 2515 acuto
1189 2472 1273 2514 ne
1318 2471 1493 2515 secer
1534 2451 1766 2536 ungui,

125 2534 473 2621 ‘Displicet
515 2536 635 2600 iste
677 2536 878 2600 locus’
926 2536 1130 2599 clamo
1175 2537 1239 2599 et
1282 2534 1518 2601 diludia
1557 2555 1773 2619 posco.

118 2620 346 2686 Ludus
391 2620 563 2684 enim
604 2620 829 2717 genuit
868 2613 1187 2703 trepidum
1227 2620 1546 2684 certamen
1589 2621 1654 2684 et
1694 2619 1885 2704 iram,

116 2705 230 2771 Ira
273 2706 487 2772 truces
530 2704 896 2769 inimicitias
940 2705 1007 2767 et
1046 2703 1313 2768 funebre
1355 2703 1612 2768 bellum.

1000 2993 1161 3067 XX.

111 3127 552 3193 Vertumnum
591 3123 820 3189 Ianum
863 3144 973 3205 ue,
1018 3122 1213 3206 liber,
1262 3124 1547 3207 spectare
1589 3122 1854 3208 videris,

112 3211 389 3276 Scilicet
428 3214 502 3274 ut
542 3212 792 3294 prostes
883 3207 1164 3271 osiorum
1210 3207 1462 3292 pumice
1504 3207 1798 3272 mundus.

111 3294 340 3360 Odisti
385 3293 591 3357 claves
636 3297 701 3359 et
741 3295 927 3379 grata
970 3291 1183 3376 sigilla
1224 3292 1487 3375 pudico;

104 3377 356 3444 Paucis
401 3376 660 3440 ostendi»
693 3377 897 3462 gemis
943 3378 1007 3439 et
1051 3377 1413 3441 communia
1453 3375 1673 3440 laudas
1683 3423 1703 3458 ,

103 3463 176 3531 N
177 3483 274 3528 on
320 3461 417 3526 ita
457 3460 753 3527 nutritus.
839 3460 1019 3546 Fuge
1094 3480 1219 3544 quo
1266 3458 1644 3524 descendere
1686 3460 1917 3545 gestis:
2017 3471 2050 3522 5
