2514 3950
480 767 1772 870 EPISTVLARVM

806 949 1021 1004 LIBER
1054 949 1452 1010 SECVNDVS.

1101 1121 1138 1194 I

176 1220 356 1320 Cum
398 1253 500 1316 tot
540 1251 853 1317 sustineas
898 1255 964 1317 et
1004 1254 1186 1317 tanta
1227 1252 1490 1338 negotia
1532 1252 1738 1337 solus,

173 1339 300 1404 Res
341 1335 536 1401 Italas
580 1336 772 1402 armis
814 1336 1038 1402 tuteris
1051 1385 1070 1420 ,
1113 1337 1397 1402 moribus
1441 1357 1655 1421 ornes,

171 1423 259 1488 Le
311 1420 446 1485 ‘bus
491 1420 816 1486 emendes:
861 1421 932 1485 in
973 1421 1229 1505 publiea
1273 1420 1604 1486 commoda
1691 1441 1934 1504 eooem,

173 1507 241 1573 Si
260 1444 478 1589 {ongo
522 1525 814 1570 sermone
855 1526 1064 1570 morer
1103 1508 1216 1571 tua
1255 1507 1388 1570 tem
1434 1525 1547 1569 ora
1561 1554 1581 1589 ,
1684 1526 1881 1570 aesar.
2030 1546 2036 1553 ·

169 1589 476 1655 Romulus
521 1591 586 1654 et
627 1587 818 1655 Liber
858 1592 1043 1674 pater
1085 1592 1152 1655 et
1193 1611 1338 1655 oum
1438 1592 1647 1654 astore
1688 1588 1949 1672 Pollux,
2061 1597 2097 1650 5

169 1674 324 1739 Post
366 1674 657 1759 ingentia
697 1674 867 1739 faeta
910 1675 1169 1740 deorum
1212 1674 1284 1738 in
1324 1673 1566 1757 templa
1606 1674 1881 1757 recepti,

168 1757 339 1823 Dum
359 1760 561 1822 terras
585 1758 916 1823 hominum
959 1780 1039 1822 ue
1061 1759 1282 1822 colunt
1300 1778 1524 1842 genus,
1554 1779 1780 1843 aspera
1801 1756 1971 1824 bella

172 1841 594 1924 Conponunt,
638 1862 827 1924 agros
871 1779 1243 1923 adsignant,
1289 1862 1327 1903 o
1374 1839 1525 1923 pida
1569 1841 1882 1923 condunt,

168 1925 507 1991 Ploravere
552 1922 683 1987 suis
725 1942 861 1987 non
897 1922 1280 2006 respondere
1353 1942 1608 1987 avorem

171 2009 216 2073 S
264 2009 508 2073 eratum
550 2006 812 2071 meritis.
900 2007 1118 2071 Diram
1162 2007 1272 2091 qui
1325 2005 1617 2071 contudit
1654 2006 1925 2090 hydram
2034 2020 2101 2071 10

171 2089 1650 2259 03333312fssfflffissssnffitsselssssffiguffiffii

168 2259 320 2324 Vrit
363 2259 533 2324 enim
574 2258 825 2344 fulgore
868 2281 983 2325 suo
992 2308 1011 2343 ,
1057 2260 1167 2344 qui
1207 2281 1359 2344 prae
1439 2263 1586 2325 avat
1627 2261 1795 2324 artes

166 2343 352 2409 Infra
394 2365 462 2408 se
506 2344 777 2429 positas3
823 2344 1170 2409 exstinctus
1215 2365 1358 2408 ama
1400 2344 1529 2408 itur
1572 2343 1762 2408 idem.

165 2427 504 2492 Praesenti
546 2428 668 2492 tibi
709 2430 990 2493 maturos
1033 2428 1346 2513 largimur
1386 2426 1691 2512 honores,
2036 2438 2100 2491 15

165 2510 607 2593 lurandasque
649 2514 831 2576 tuum
873 2533 988 2596 per
1028 2533 1269 2576 numen
1310 2512 1607 2596 ponimus
1651 2533 1824 2596 aras,

163 2594 285 2661 Nil
331 2595 641 2659 oriturum
685 2595 873 2679 alias,
915 2595 1012 2660 nil
1054 2598 1266 2661 ortum
1306 2597 1436 2662 tale
1477 2597 1773 2662 fatentes.

164 2678 300 2746 Sed
344 2681 493 2743 tuus
535 2677 644 2743 hio
684 2679 987 2763 populus,
1034 2680 1289 2764 sapiens
1333 2683 1398 2745 et
1439 2681 1643 2746 iustus
1687 2681 1758 2745 in
1798 2699 1963 2763 uno,

161 2763 261 2828 Te
306 2763 550 2828 nostris
595 2762 859 2828 ducibus
869 2813 888 2848 ‚
932 2766 998 2829 te
1042 2764 1229 2829 Grais
1274 2763 1688 2829 anteferendo
1699 2811 1720 2846 ,

160 2846 409 2915 Cetera
448 2868 852 2932 nequaquam
895 2848 1089 2913 simili
1130 2849 1382 2912 ratione
1423 2846 1740 2944 modoque
2035 2856 2104 2911 20

157 2932 496 2997 Aestimat
538 2934 629 3016 et,
673 2933 801 2997 nisi
844 2953 1003 3016 quae
1046 2931 1233 2996 terris
1279 2933 1524 2996 semota
1566 2950 1821 3028 suisque

160 3014 330 3080 Tem
381 3016 599 3080 oribus
644 3015 946 3080 defuncta
986 3015 1187 3099 videt,
1231 3015 1485 3079 fastidit
1528 3017 1593 3079 et
1635 3015 1797 3099 od1t‚

164 3097 279 3163 Sic
356 3102 539 3164 autor
581 3100 899 3183 veterum,
946 3101 1020 3163 ut
1060 3099 1310 3164 tabulas
1354 3120 1616 3184 peceare
1660 3100 1950 3165 vetantes

163 3180 353 3255 Quas
394 3183 494 3247 bis
539 3183 820 3267 quinque
863 3183 983 3248 viri
1027 3186 1400 3267 sanxerunt,
1445 3183 1706 3249 foedera
1743 3204 1969 3269 regum

162 3262 301 3328 Vel
350 3263 571 3331 Gabiis
614 3267 719 3332 vel
761 3287 906 3331 oum
946 3266 1171 3351 rigidis
1214 3270 1485 3351 aequata
1530 3267 1783 3334 Sabinis
1797 3316 1816 3352 ,
2039 3278 2108 3328 25

161 3346 569 3413 Pontificum
611 3350 839 3434 libros,
886 3372 1131 3415 annosa
1172 3350 1499 3416 volumina
1536 3354 1757 3416 vatum

164 3430 457 3499 Dictitet
498 3433 753 3498 Albano
798 3434 1016 3501 Musas
1060 3435 1131 3499 in
1171 3438 1391 3501 monte
1434 3436 1700 3501 locutas.
