2514 3950
225 162 396 236 xvi]
1078 136 1311 216 mm.

352 323 552 389 Mella
593 343 749 389 cava
789 325 1056 387 manant
1098 343 1175 386 ex
1219 322 1395 404 ilice,
1436 321 1763 385 montibus
1809 322 1954 386 altis

438 407 626 472 Levis
670 412 967 491 crepante
1012 405 1276 490 lympha
1320 405 1534 469 desilit
1573 404 1751 490 pede.

353 492 496 558 Illic
538 491 819 556 iniussae
862 491 1128 556 veniunt
1170 490 1250 554 ad
1293 490 1565 554 mulctra
1607 489 1918 573 capellae,

437 575 780 660 Refertque
821 578 1001 641 tenta
1041 582 1199 660 grex
1243 575 1485 639 amicus
1528 573 1756 657 ubera,

350 660 491 727 Nec
532 661 930 745 vespertinus
975 659 1415 744 circumgemit
1456 679 1641 722 ursus
1686 658 1885 742 ovile,

435 745 576 812 Nec
617 745 987 810 intumescit
1028 745 1158 808 alta
1199 744 1435 827 viperis
1479 742 1729 807 humus,

351 829 668 912 Pluraque
710 830 930 895 felices
970 827 1373 910 mirabimur,
1417 829 1490 891 ut
1529 847 1737 924 neque
1779 827 1976 912 largis

438 914 738 996 Aquosus
780 913 992 977 Eurus
1037 932 1190 975 arva
1229 911 1415 975 radat
1456 911 1767 976 imbnbus
1777 960 1796 994 ‚

354 997 479 1061 Pin
574 997 633 1059 'a
673 1017 794 1060 nec
837 996 1022 1059 siccis
1063 998 1331 1058 urantur
1375 995 1618 1059 semina
1660 995 1904 1079 glaebis
1918 1044 1938 1079 ‚

499 1083 794 1160 trumque
836 1098 988 1162 rege
1027 1080 1423 1160 temperante
1467 1079 1780 1142 caelitum.

355 1162 509 1228 Non
549 1161 677 1226 huc
714 1162 937 1246 Argoo
982 1160 1314 1225 contendit
1352 1160 1593 1257 remige
1634 1161 1853 1244 pinuS,

440 1245 543 1312 Ne
586 1266 666 1310 ue
707 1245 1010 1342 inpudica
1053 1242 1312 1310 Colchis
1355 1244 1574 1308 intuht
1614 1244 1869 1328 pedem;

355 1330 509 1397 Non
596 1350 677 1394 uc
721 1328 967 1395 S1donii
1009 1331 1334 1393 torserunt
1376 1349 1614 1393 cornua
1653 1332 1908 1406 nautae,

439 1414 789 1479 Laboriosa
829 1435 955 1479 nec
994 1413 1223 1479 cohors
1266 1412 1498 1478 Vlixei.

353 1498 553 1565 Nulla
594 1501 831 1564 nocent
869 1498 1088 1582 pecori
1131 1497 1460 1583 contagia,
1503 1496 1742 1561 nullius
1787 1497 1944 1561 astri

442 1582 718 1668 Gregem
761 1587 1056 1648 aestuosa
1097 1584 1301 1647 torret
1342 1582 1719 1666 inpotentia.

354 1667 429 1732 Iu
519 1667 641 1732 iter
682 1667 797 1732 illa
837 1669 983 1752 piae
1026 1667 1296 1733 secrevit
1336 1666 1526 1732 litora
1566 1666 1777 1751 genti,

500 1754 530 1815 t
570 1751 641 1815 in
685 1752 933 1816 uinavit
975 1773 1118 1816 aere
1159 1755 1413 1834 tempus
1458 1772 1751 1834 aureum3

354 1836 551 1918 Aere,
597 1834 675 1898 de
729 1835 742 1849 ’
793 1856 828 1899 c
868 1836 1038 1899 ferro
1085 1835 1337 1898 duravit
1379 1835 1659 1916 saecula,
1705 1855 1974 1916 quorum

439 1917 574 1983 Piis
619 1917 898 1982 secunda
940 1920 1084 1981 vate
1127 1937 1229 1980 me
1275 1917 1462 1980 datur
1502 1917 1676 2001 fuga.

1073 2205 1301 2282 XVII.

356 2336 517 2401 ‘Iam
558 2338 688 2401 iam
731 2336 978 2403 efficaci
1019 2338 1100 2402 do
1142 2358 1396 2401 manus⁴
1420 2337 1753 2422 scientiae,

355 2419 639 2506 Supplex
684 2424 749 2486 et
791 2442 903 2486 oro
945 2443 1147 2507 regna
1190 2442 1305 2505 per
1346 2420 1798 2506 Proserpinae,

352 2506 477 2570 Per
519 2508 584 2569 et
626 2504 874 2571 Dianae
916 2526 1049 2569 non
1090 2505 1407 2570 movenda
1447 2506 1739 2589 numina,

352 2589 478 2654 Per
522 2592 710 2673 atque
752 2590 950 2654 libros
994 2590 1348 2654 carminum
1389 2590 1739 2655 valentium

352 2672 577 2738 Refixa
618 2674 793 2739 caelo
838 2674 1144 2740 devocare
1187 2674 1429 2757 sidera,

353 2757 655 2841 Canidia,
698 2780 888 2843 parce
929 2759 1193 2824 vocibus
1234 2758 1498 2823 tandem
1542 2758 1739 2821 sacris

353 2842 694 2927 Oitumque
737 2846 907 2908 retro
951 2844 1126 2907 solve
1204 2843 1381 2906 solve
1423 2841 1780 2905 turbinem!

353 2927 558 2993 Movit
598 2930 898 3011 nepotem
942 2891 1257 3010 Telephus
1300 2923 1367 2990 N
1370 2925 1606 2989 ereium
1618 2973 1637 3007 ,

350 3011 430 3076 In
475 3032 664 3097 quem
708 3010 1017 3095 superbus
1062 3010 1391 3074 ordinarat
1432 3007 1693 3093 agmina

349 3095 677 3179 Mysorum
722 3098 786 3159 et
827 3095 898 3158 in
983 3115 1130 3158 uem
1169 3093 1303 3158 tela
1344 3095 1532 3158 acuta
1572 3094 1863 3158 torserat.

351 3178 606 3245 anere
650 3182 888 3244 matres
967 3178 1089 3242 liae
1135 3177 1460 3242 addictum
1501 3177 1655 3241 feris

353 3263 636 3327 Alitibus
679 3267 870 3348 atque
915 3262 1180 3327 canibus
1222 3261 1610 3327 homicidam
1653 3260 2029 3346 Hectorem,

351 3346 701 3430 Postquam
742 3347 983 3412 relictis
1025 3346 1362 3411 moenibus
1404 3367 1516 3411 rex
1558 3345 1835 3430 procidit

351 3429 498 3495 Heu
540 3431 888 3515 pervicacis
933 3432 1013 3495 ad
1056 3432 1250 3515 pedes
1295 3430 1591 3496 Achillei.

2038 152 2156 218 121

2091 586 2161 636 50

2092 1007 2159 1058 55

2093 1847 2158 1898 65

2093 3109 2160 3158 10
