2514 3950
107 159 232 231 n]
922 122 1153 213 usna
1177 158 1223 216 1.
1919 147 2042 214 195

995 354 1154 428 VII.

107 488 410 572 lamque
454 486 589 551 dies
630 485 755 551 tibi
794 486 1117 571 pollicitus
1161 505 1265 549 me
1297 506 1442 549 rure
1484 484 1796 568 futurum,

107 572 421 637 {extilem
463 574 671 636 totum
713 570 989 635 mendax
1032 568 1373 634 desideror.
1438 569 1642 653 Atqui

107 658 157 721 {i
205 677 322 720 me
370 655 585 721 vivere
628 654 724 719 vis
769 676 994 720 sanum
1035 656 1333 737 recteque
1375 653 1725 734 valentem,

107 740 313 815 Quam
357 739 523 804 mihi
566 738 678 803 das
722 760 913 825 aegro
925 788 945 822 ,
991 737 1170 803 dabis
1215 740 1548 823 aegrotare
1589 734 1872 819 timenti,

107 824 448 889 ssaecenas
458 873 478 908 ,
523 823 806 907 veniam,
851 823 1004 887 dum
1045 823 1202 887 ficus
1244 822 1453 906 prima
1496 822 1791 904 calorque
2007 830 2042 881 5

105 907 628 993 Dissignatorem
671 907 930 972 decorat
972 904 1304 971 lictoribus
1349 906 1535 988 atris,

105 991 278 1055 Dum
322 991 544 1074 pueris
588 990 798 1054 omnis
841 992 1022 1073 pater
1062 992 1127 1053 et
1168 989 1517 1053 matercula
1556 988 1787 1073 pallet,

105 1074 547 1155 Officiosaque
592 1072 894 1137 sedulitas
939 1075 1003 1135 et
1046 1073 1261 1154 opella
1301 1072 1575 1136 forensis

105 1156 399 1221 Adducit
439 1156 650 1220 febres
694 1159 761 1221 et
799 1158 1184 1220 testamenta
1225 1154 1530 1239 resignat.

105 1240 360 1317 Quodsi
402 1241 631 1305 bruma
671 1240 850 1305 nives
878 1239 1149 1303 Albanis
1193 1239 1426 1303 inlinet
1467 1237 1669 1323 agris,
1977 1250 2045 1302 10

105 1325 213 1389 Ad
256 1346 440 1388 mare
484 1323 825 1389 descendet
865 1326 1041 1388 vates
1081 1326 1229 1388 tuus
1246 1324 1341 1407 ,et
1382 1322 1507 1386 sibi
1547 1324 1772 1406 parcet

105 1408 627 1492 Contractusque
672 1408 870 1505 leget3
915 1411 1008 1490 te,
1054 1407 1255 1471 dulcis
1301 1407 1531 1487 amice,
1574 1406 1808 1470 reviset

108 1491 280 1558 Cum
324 1491 668 1577 Zephyris,
713 1514 771 1556 sl
814 1491 1120 1558 concedes
1195 1494 1260 1555 et
1299 1489 1640 1554 hirundine
1683 1488 1909 1573 prima.

107 1583 261 1641 Non
305 1598 433 1660 quo
476 1597 653 1641 more
694 1576 853 1660 piris
895 1576 1067 1641 vesci
1111 1540 1384 1640 &alaber
1425 1575 1604 1639 iubet
1644 1573 1878 1658 hospes

111 1660 213 1725 Tu
254 1683 360 1725 me
403 1661 613 1726 fecisti
656 1661 1057 1744 locupletem.
1134 1659 1462 1742 ‘Vescere,
1509 1658 1738 1723 sodes.’
1980 1668 2044 1720 15

112 1745 278 1809 ‘Iam
301 1746 455 1810 satis
476 1749 620 1809 est.2
668 1745 783 1808 ‘At
801 1748 892 1827 tu,
917 1747 1225 1827 quantum
1245 1744 1585 1826 viS,tolle.’
1619 1741 1959 1828 ‘Benigne’

118 1829 298 1895 ‘Non
338 1829 545 1893 invisa
586 1828 753 1891 feres
796 1829 1008 1910 pueris
1050 1827 1428 1891 munuscula
1468 1826 1727 1910 parvis.'

120 1913 307 1977 ‘Tam
346 1914 570 1975 teneor
613 1909 781 1975 dono
792 1958 812 1993 ,
857 1930 1048 1993 quam
1093 1910 1148 1973 si
1193 1908 1479 1972 dimittar
1522 1912 1833 1973 onustus.’

124 1996 241 2061 ‘Vt
259 1996 445 2059 libet:
488 1994 647 2058 haec
721 1994 887 2059 orcis
916 1992 1107 2058 hodie
1138 1992 1526 2058 comedenda
1552 1992 1918 2076 relinques.’

122 2079 437 2163 Prodigus
482 2080 546 2143 et
589 2016 820 2142 st1fitus
865 2076 1064 2141 donat
1105 2099 1265 2161 quae
1310 2077 1554 2161 spernit
1597 2079 1662 2142 et
1710 2075 1872 2142 odit:
1977 2089 2048 2141 20

125 2164 302 2227 Haec
344 2183 526 2247 seges
568 2162 856 2247 ingratos
898 2163 1050 2226 tulit
1077 2166 1142 2226 et
1183 2162 1348 2227 feret
1376 2161 1671 2226 omnibus
1715 2160 1918 2226 annis.

126 2247 245 2312 Vir
284 2246 485 2311 bonus
530 2250 596 2311 et
632 2246 886 2331 sapiens
930 2246 1142 2331 dignis
1186 2246 1278 2310 ait
1320 2267 1458 2312 esse
1499 2247 1792 2330 paratus,

128 2331 264 2397 Nec
303 2334 517 2396 tamen
558 2330 817 2416 ignorat
860 2330 1012 2415 quid
1055 2330 1297 2395 distent
1338 2351 1487 2395 aera
1529 2330 1788 2414 lupinis.

129 2414 407 2501 Dignum
447 2415 784 2498 praestabo
829 2436 931 2478 me
976 2414 1168 2478 etiam
1207 2436 1329 2498 pro
1371 2413 1558 2478 laude
1586 2414 1907 2479 merentis.

135 2499 366 2574 Quodsi
405 2520 507 2562 me
548 2499 730 2563 noles
772 2519 1041 2581 usquam
1085 2498 1433 2581 discedere,
1476 2496 1702 2562 reddes
1978 2508 2050 2562 25

134 2582 319 2647 Forte
359 2582 555 2664 latus,
597 2583 819 2667 nigros
864 2585 1139 2667 angusta
1178 2582 1391 2646 fronte
1434 2582 1728 2666 capiIIOS,

136 2666 374 2732 Reddes
416 2666 599 2730 dulce
642 2666 817 2750 loqui
889 2665 1113 2732 reddes
1157 2666 1363 2731 ridere
1407 2665 1707 2730 decorum
1750 2668 1815 2730 et
1883 2745 1886 2746 ⁷

137 2752 306 2816 Inter
343 2750 490 2815 vina
533 2749 753 2836 fugam
797 2716 1066 2815 dinarae
1107 2772 1389 2815 maerere
1433 2752 1787 2833 protervae.

138 2837 317 2902 Forte
354 2857 466 2920 per
509 2839 849 2921 angustam
889 2835 1100 2900 tenuis
1142 2833 1430 2898 nitedula
1469 2833 1700 2897 rimam

139 2921 430 3005 Repserat
468 2919 539 2984 in
583 2940 904 2986 cumeram
944 2918 1275 3000 frumenti,
1319 2919 1630 3000 pastaque
1673 2937 1890 2982 rursus
1975 2928 2047 2980 30

141 3006 236 3070 Ire
273 3005 432 3069 foras
474 3003 666 3088 pleno
708 3002 1011 3068 tendebat
1055 3022 1320 3085 corpore
1362 3000 1625 3086 frustra3

147 3089 252 3155 Cui
288 3089 550 3153 mustela
589 3087 815 3172 procul
856 3085 938 3150 ‘si
978 3086 1098 3150 vis’
1145 3086 1235 3149 ait
1279 3084 1582 3171 ‘effugere
1624 3085 1844 3168 istinc,

146 3173 344 3237 Macra
369 3194 589 3237 cavum
617 3175 868 3257 repetes
897 3173 1104 3235 artum
1115 3219 1135 3253 ,
1180 3190 1369 3254 quem
1402 3190 1617 3235 macra
1644 3169 1915 3234 subisti.’

148 3256 274 3321 Hac
315 3277 424 3341 ego
468 3257 524 3320 si
568 3278 690 3322 con
736 3257 896 3321 ellor
938 3254 1245 3339 imagine,
1293 3257 1524 3320 cuncta
1563 3254 1851 3338 resigno:

150 3340 274 3406 Nec
312 3361 594 3405 somnum
635 3363 678 3424 p
707 3341 841 3406 ebis
885 3339 1072 3403 laudo
1118 3342 1293 3403 satur
1334 3338 1607 3403 altilium
1648 3359 1768 3404 nec
1974 3348 2042 3401 35

154 3424 286 3493 Otia
325 3423 551 3489 divitiis
592 3426 879 3492 Arabum
921 3423 1242 3490 liberrima
1281 3426 1480 3487 muto,

1628 3526 1736 3579 13*
