2514 3950
289 168 383 241 11.]
1077 167 1293 223 LIBER
1332 167 1402 225 11.
2098 158 2214 224 157

293 330 644 414 Corruptus
687 328 895 393 iudex.
982 327 1294 412 Leporem
1338 331 1613 394 sectatus
1656 348 1897 412 equove

290 414 525 479 Lassus
568 414 648 479 ab
692 412 1005 478 indomito
1047 413 1180 498 vel,
1227 414 1284 477 si
1323 411 1616 478 Romana
1655 412 1908 498 fatigat}
2156 424 2221 475 10

290 499 528 563 Militia
568 497 899 563 adsuetum
941 497 1255 582 graecari,
1304 518 1417 562 seu
1458 497 1592 581 pila
1631 496 1817 561 velox

283 582 574 667 „Molliter
616 584 936 648 austerum
979 582 1188 648 studio
1232 582 1498 647 fallente
1541 581 1826 646 laborem

292 666 418 732 Seu
459 670 523 731 te
568 667 778 732 discus
823 667 988 752 agit,
1032 669 1179 751 pete
1223 666 1554 733 cedentem
1598 687 1744 730 aera
1788 663 1994 730 disco=

293 750 457 817 Oum
499 751 682 816 labor
725 751 1040 816 extuderit
1081 752 1371 836 fastidia,
1417 752 1653 835 siccus,
1696 750 1905 814 inanis

292 835 336 901 S
384 857 533 901 erne
564 837 777 902 cibum
817 836 1010 901 vilem
1025 861 1041 878 ·
1085 837 1215 901 nisi
1240 835 1574 920 Hymettia
1599 835 1793 900 mella
1821 834 2095 899 Falerno
2151 846 2220 896 ’15

357 942 392 984 e
434 920 671 985 biberis
715 920 935 985 diluta.
1023 887 1207 985 horis
1251 921 1351 985 est
1391 941 1682 1004 promus,
1727 922 1793 984 et
1834 922 2041 983 atrum

290 1004 659 1068 Defendens
702 1004 908 1085 pisces
950 1003 1193 1067 hiemat
1232 1025 1440 1067 mare:
1485 1025 1630 1068 cum
1673 1004 1804 1068 sale
1846 1005 2031 1087 panis

291 1087 661 1151 Latrantem
683 1085 1082 1150 stomachum
1108 1087 1273 1151 bene
1300 1087 1514 1151 leniet.
1561 1086 1749 1151 Vnde
1778 1090 1964 1170 putas
1986 1091 2097 1152 aut

286 1171 418 1247 Qui
459 1169 763 1255 partum?
826 1169 980 1235 Non
1021 1171 1091 1234 in
1135 1191 1281 1236 caro
1323 1171 1547 1235 nidore
1589 1170 1883 1254 voluptas

295 1254 587 1338 Summa,
633 1254 743 1318 sed
771 1254 841 1318 in
882 1255 948 1318 te
975 1255 1198 1338 ipsost.
1273 1255 1369 1319 Tu
1396 1254 1820 1339 pulmffltaria
1862 1275 2091 1338 quaere
2155 1269 2223 1319 20

293 1337 627 1405 Sudando:
670 1338 980 1424 pinguem
1022 1339 1194 1403 vitiis
1239 1339 1580 1423 albumque
1620 1358 1740 1404 nec
1785 1341 1998 1403 ostrea

290 1423 356 1490 N
360 1445 431 1488 ec
475 1444 693 1488 scarus
736 1426 849 1488 aut
887 1424 1126 1508 poterit
1164 1425 1505 1509 peregrina
1544 1423 1762 1488 iuvare
1805 1423 2031 1508 lagois.

291 1507 419 1574 Vix
461 1511 681 1572 tamen
723 1508 1018 1592 eripiam,
1110 1508 1275 1573 osito
1317 1529 1567 1593 pavone
1611 1508 1769 1572 velis
1814 1509 1970 1591 quin

289 1592 435 1657 Hoc
476 1593 691 1677 potius
736 1614 926 1677 quam
969 1531 1215 1678 gafiina
1256 1595 1505 1678 tergere
1547 1592 1863 1676 palatum,

293 1677 646 1761 Corruptus
689 1677 870 1741 vanis
913 1698 1125 1742 rerum
1135 1725 1157 1760 ,
1201 1677 1352 1760 quia
1393 1679 1623 1741 veneat
1663 1696 1817 1741 auro
2153 1689 2220 1739 25

289 1760 463 1825 Rara
506 1761 641 1825 avis
684 1763 749 1829 et
790 1762 964 1844 picta
1003 1761 1247 1845 pandat
1290 1761 1653 1844 spectacula
1696 1760 1924 1825 cauda:

292 1845 644 1928 Tamquam
665 1845 744 1908 ad
764 1866 900 1909 rem
925 1845 1195 1910 attineat
1216 1845 1575 1928 quicquam.
1625 1844 1800 1910 Num
1822 1845 2093 1910 vesceris

1507 1929 1663 2011 ista,

293 2014 500 2089 Quam
521 2012 764 2096 laudas,
787 2013 1049 2096 pluma?
1073 2017 1254 2079 cocto
1273 2036 1429 2078 num
1451 2013 1633 2078 adest
1650 2012 1858 2077 honor
1878 2012 2092 2077 idem?

296 2096 506 2163 Carne
546 2099 765 2161 tamen
806 2098 1103 2180 quamvis=
1135 2096 1331 2162 distat
1361 2098 1487 2180 nil,
1532 2096 1652 2162 hac
1679 2119 1745 2160 m
1837 2097 1887 2161 's
1914 2097 2095 2161 illam

295 2180 636 2266 Inparibus
678 2181 902 2247 formis
947 2181 1283 2266 deceptum
1322 2185 1387 2247 te
1476 2182 1675 2246 eterel
1824 2185 1953 2246 sto:
2153 2194 2222 2245 30

294 2264 481 2330 Vnde
524 2265 743 2331 datum
785 2267 1015 2351 sentis,
1061 2267 1249 2351 lupus
1292 2266 1399 2331 hic
1503 2266 1778 2331 ‘berinus
1822 2287 1906 2329 an
1947 2266 2079 2331 alto

294 2349 537 2435 Captus
577 2349 759 2416 hiet?
802 2354 1115 2435 pontesne
1157 2351 1327 2415 inter
1368 2350 1637 2415 iactatus
1679 2370 1765 2412 an
1808 2352 2013 2415 amnis

295 2434 479 2500 Ostia
522 2435 639 2499 sub
682 2434 918 2499 Tusci?
1001 2434 1287 2517 Laudas,
1331 2434 1582 2517 insane,
1627 2433 1941 2499 trilibrem

292 2519 588 2601 Mullum,
602 2519 673 2582 in
694 2519 948 2615 singula
973 2539 1161 2601 quem
1174 2518 1424 2582 minuas
1443 2518 1776 2601 pulmenta
1791 2523 2135 2586 necessest.

293 2601 493 2666 Ducit
532 2605 598 2664 te
642 2622 915 2684 specieS,
958 2602 1172 2667 video:
1217 2623 1343 2686 quo
1386 2602 1664 2686 pertinet
1707 2624 1859 2687 ergo
2154 2616 2221 2666 35

292 2685 602 2753 Proceros
647 2685 857 2764 odisse
899 2686 1130 2770 lupos?
1197 2686 1362 2762 Quia
1404 2687 1648 2751 scilicet
1688 2687 1816 2750 illis

291 2770 606 2836 Maiorem
636 2771 866 2835 natura
892 2770 1153 2835 modum
1196 2770 1400 2854 dedit,
1444 2770 1547 2833 his
1590 2770 1781 2833 breve
1823 2769 2094 2853 pondus.

291 2855 551 2920 Ieiunus
593 2876 737 2919 raro
783 2855 1148 2920 stomachus
1191 2854 1482 2938 volgaria
1524 2851 1772 2916 temnit.

291 2940 688 3005 ‘Porrectum
729 2961 965 3025 magno
1009 2961 1115 3003 ma
1206 2959 1317 3001 um
1361 2938 1645 3020 spectare
1690 2936 1901 3001 catino

291 3024 567 3088 Vellem'
592 3024 686 3088 ait
704 3022 1010 3107 Harpyiis
1031 2960 1413 3107 guffffigna
1432 3021 1788 3105 rapacibus,
1831 3021 1924 3085 At
1945 3043 2089 3105 vos,
2156 3035 2224 3086 40

294 3107 667 3172 Praesentes
697 3107 940 3189 Austri,
967 3106 1219 3190 coquite
1249 3105 1476 3170 horum
1517 3106 1801 3172 obsonia.
1866 3106 2095 3182 Quam-

1510 3212 1702 3275 quam

178 3295 181 3300 ·
293 3275 486 3339 Putet
513 3296 665 3358 aper
690 3276 1120 3359 rhombusque
1147 3297 1400 3361 recena,
1429 3276 1601 3340 mala
1630 3276 1814 3359 copia
1842 3275 2094 3359 quando

293 3361 584 3443 Aegrum
612 3361 917 3426 sollicitat
959 3360 1386 3443 stomachum,
1433 3382 1577 3426 cum
1604 3360 1828 3443 rapula
1868 3360 2096 3444 plenus

294 3444 509 3523 Atque
531 3442 742 3509 acidas
771 3447 1013 3512 mavolt
1040 3445 1268 3512 inulas.
1320 3445 1612 3514 Necdum
1633 3445 1839 3511 omnis
1869 3444 2095 3511 abacta
