2514 3950
784 184 884 238 DE
920 184 1193 242 METRIS
1227 186 1700 242 HORATIANIS.
1976 189 2203 243 LXXIII

198 332 204 337 ’
290 336 352 392 et
415 333 698 394 dimetros
778 336 1021 395 exclusa
1091 336 1494 396 scaenicorum
1556 336 1799 396 licentia
1858 338 2199 398 adhibuere.

291 421 560 490 Quorum
603 423 751 482 adeo
796 423 873 482 de
916 426 1048 483 arte
1092 424 1400 489 remisisse
1442 425 1671 500 aliquid
1714 424 1954 507 videtur
1975 448 1978 451 ·
1997 425 2142 486 Hor.

422 510 809 570 Aeolensium
853 513 1169 586 poetarum
1213 512 1294 571 ad
1336 530 1614 573 numeros
1662 514 1893 588 primus
1939 513 2204 573 carmina

290 599 523 672 aptavit
579 596 879 672 Catullus,
946 599 1050 658 sed
1112 602 1182 659 ut
1243 601 1425 659 intra,
1469 599 1746 676 Sapphus
1806 601 2202 663 imitationem

292 685 666 746 subsisteret.
730 685 903 746 Vnde
939 689 1101 747 recte
1137 705 1270 747 rem
1302 688 1620 748 instituere
1656 689 1833 762 docti,
1879 689 2037 764 quod
2074 689 2201 749 eius

288 792 503 848 poema
546 792 672 832 xxx
714 775 993 834 binorum
1045 794 1333 836 versuum
1386 777 1729 852 systematis
1786 777 2202 836 distinxerunt.

289 860 447 920 Nam
500 863 610 920 tali
662 866 855 922 metro
911 865 1109 923 totum
1157 864 1383 922 librum
1444 865 1694 922 tertium
1748 863 2023 939 Sapphus
2088 865 2203 923 dis-

288 950 552 1024 positum
598 967 727 1008 esse
772 968 810 1009 a
844 952 1253 1027 grammaticis
1289 951 1709 1010 Alexandrinis
1758 955 1853 1011 sat
1900 955 2147 1012 constat.

426 1036 542 1094 Sed
596 1036 912 1109 Horatius,
966 1038 1116 1095 mihi
1167 1039 1410 1113 quidem
1461 1042 1532 1098 ut
1583 1039 1848 1112 videtur,
1913 1043 2205 1116 quotquot

290 1123 500 1180 intulit
542 1123 734 1198 lyrica
777 1126 972 1182 metra
1015 1124 1217 1197 Latio,
1274 1143 1410 1183 cum
1452 1126 1660 1183 Alcaei
1703 1127 1959 1185 maxime
2003 1123 2205 1186 imita-

290 1210 454 1269 tione
517 1211 778 1270 novavit.
882 1209 1158 1270 Ceterum
1220 1229 1432 1271 versus
1503 1212 1771 1287 sapphici
1834 1214 2078 1272 maioris
2142 1217 2205 1274 et

291 1298 669 1374 iambelegici
705 1299 975 1374 exempla
1010 1296 1170 1373 apud
1200 1298 1458 1358 Graecos
1495 1318 1615 1358 non
1650 1299 2051 1359 inveniuntur.
2116 1301 2204 1360 Ac

290 1386 549 1445 fortasse
596 1386 744 1445 haec
787 1389 981 1445 metra
1025 1386 1256 1446 invenit
1299 1387 1446 1465 ipse.

423 1474 688 1532 Verum
741 1493 896 1533 cum
942 1473 1198 1533 Graeci
1250 1474 1472 1550 lyrici
1524 1475 1597 1533 in
1649 1474 1813 1533 basi
1865 1493 2205 1537 versuum

294 1562 810 1638 glyconeorum
872 1563 1518 1638 pherecrateorum
1581 1563 2205 1638 asclepiadeorum

294 1667 447 1708 cum
503 1650 848 1709 trochaeo
903 1650 1301 1726 principali
1364 1650 1768 1725 promiscue
1832 1650 2204 1711 adhibuis-

296 1738 457 1796 sent
502 1737 916 1815 spondeum,
971 1738 1307 1811 iambum,
1362 1738 1832 1814 pyrrichium,
1890 1742 1961 1797 et
2003 1740 2202 1799 volu-

292 1825 528 1885 issent
588 1825 890 1900 primam
953 1829 1027 1884 et
1093 1827 1424 1901 quintam,
1479 1826 1835 1903 syllabam
1897 1827 2205 1893 alcaico·

293 1932 447 1970 rum
491 1915 964 1989 quartamque
1017 1913 1528 1988 sapphicorum
1581 1913 1970 1989 ancipitem
2025 1915 2203 1991 sive,

297 2002 374 2058 ut
417 2003 705 2060 veteres
753 1999 1027 2074 dixere,
1073 2018 1539 2072 communem,
1577 2000 1926 2059 Horatius
1973 2005 2205 2062 omnia

295 2087 593 2146 firmata
648 2086 987 2161 spondeis
1043 2087 1172 2145 sub
1228 2088 1675 2147 severiorem
1727 2089 1960 2164 legem
2005 2108 2205 2149 revo-

298 2174 510 2235 cavit.
580 2173 974 2234 Praeterea
1019 2192 1172 2234 cum
1206 2175 1391 2233 idem
1427 2193 1797 2248 caesuras,
1842 2193 2017 2250 quas
2053 2177 2203 2236 lon·
2239 2249 2242 2253 μ

297 2263 630 2339 gioribus
667 2261 837 2321 addi
870 2263 1125 2323 metris
1160 2263 1479 2323 interest
1507 2263 1953 2341 elegantiae,
1992 2281 2203 2341 saepe

295 2351 732 2410 habuissent
792 2351 1116 2427 insuper,
1177 2351 1532 2411 Horatius
1593 2351 1935 2413 versibus.
1988 2352 2204 2413 unde-

297 2439 430 2498 cim
487 2439 937 2513 syllabarum
1002 2439 1154 2499 sive
1218 2440 1561 2515 plurium,
1638 2458 1675 2497 a
1743 2439 2201 2515 paucissimis

298 2530 370 2585 et
421 2527 541 2587 vix
585 2526 826 2603 dignis
872 2526 1217 2585 memoria
1263 2528 1609 2603 exemplis
1665 2527 1727 2586 si
1781 2528 2201 2603 recesseris,

297 2631 576 2689 semper
636 2614 872 2674 voluit
935 2614 1189 2673 adesse
1259 2614 1685 2674 incisionem
1754 2615 1977 2673 fixam
2050 2635 2203 2675 cer-

297 2703 600 2776 tamque.
709 2702 1108 2777 Rhythmos
1172 2702 1392 2762 etiam
1452 2702 1705 2778 pedum
1778 2704 1941 2760 ante
2013 2703 2201 2763 fines

296 2789 572 2848 ordinis
617 2789 907 2849 metrici
941 2790 1071 2849 hoc
1107 2793 1217 2850 est
1253 2791 1406 2851 sive
1444 2793 1611 2849 ante
1649 2806 2016 2850 caesuram
2051 2791 2203 2850 sive

298 2878 368 2935 in
422 2878 619 2935 exitu
672 2878 886 2937 metri
931 2878 1337 2953 positorum
1396 2878 1830 2953 diligentius
1878 2879 2205 2937 servavit

297 2964 621 3039 Graecis,
677 2968 751 3026 at
794 2966 1026 3025 minus
1071 2967 1410 3026 accurate
1456 2963 1724 3025 Seneca
1774 2968 1846 3024 et
1896 2966 2204 3041 reliquis

295 3053 799 3125 Romanorum,
863 3053 982 3128 qui
1042 3056 1367 3128 tempore
1430 3072 1584 3113 eum
1648 3054 1814 3113 sunt
1876 3052 2203 3113 insecuti.

295 3141 545 3217 Neque
592 3140 776 3200 enim
819 3141 1032 3201 nimis
1079 3159 1240 3200 raro
1286 3141 1493 3218 locis,
1540 3159 1715 3217 quos
1761 3140 1929 3213 dixi,
1971 3158 2205 3201 mono·

296 3228 592 3301 syllaba
646 3228 1253 3304 praecedentibus
1308 3229 1471 3305 plus
1522 3247 1727 3305 quam
1772 3228 2208 3304 monosylla-

294 3314 407 3374 bis
452 3315 796 3377 admittit.

428 3402 734 3464 Hactenus
769 3405 934 3464 haec.
1007 3403 1166 3463 Nam
1202 3402 1277 3464 de
1322 3405 1586 3464 admissa
1633 3404 1708 3463 ab
1746 3403 1997 3463 Horatio
2034 3422 2210 3479 syna-
