2514 3950
204 156 292 228 11.]
1002 153 1221 207 LmER
1261 153 1306 208 1.
2014 144 2129 208 131

210 316 488 383 Candida
521 318 818 400 rectaque
865 314 977 399 sit,
1021 314 1261 378 munda
1301 317 1609 464 hactenus
1622 364 1640 399 ,
1684 317 1759 381 ut
1799 334 2004 398 neque

1446 420 1531 463 on
1579 421 1616 462 a

204 487 333 553 Nec
378 507 482 550 ma
535 486 584 549 ‘s
630 485 774 548 alba
816 485 1002 567 velit,
1049 505 1241 568 quam
1286 483 1396 547 dat
1436 422 1696 567 natgura,
1740 483 1959 547 videri.

203 571 402 654 Haec,
445 507 558 635 uffil
602 570 937 653 supposuit
979 568 1200 634 dextro
1247 590 1475 653 corpus
1519 568 1680 632 mihi
1722 569 1997 649 laevum,
2035 577 2128 628 125

202 655 316 720 Ilia
359 660 423 720 et
461 653 790 740 Egeriast3
838 653 918 718 do
961 675 1201 719 nomen
1244 653 1572 738 quodlibet
1612 653 1739 736 illi,

202 740 333 806 Nec
376 760 625 823 vereor,
667 761 781 822 ne,
827 739 977 804 dum
1019 739 1201 803 futuo
1215 788 1235 822 ,
1279 738 1378 802 vir
1418 759 1563 802 rure
1606 741 1920 822 recurrat,

201 823 394 889 Ianua
437 824 801 909 frangatur,
847 823 1038 888 latret
1081 824 1256 888 canis
1268 873 1288 906 ,
1330 823 1487 888 undi
1530 844 1610 888 ue
1653 843 1889 907 magno

200 908 391 973 Pulsa
434 907 659 971 domus
704 908 977 990 strepitu
1017 910 1308 990 resonet,
1351 928 1472 991 vep
1568 908 1668 972 'da
1709 909 1874 972 lecto

198 992 469 1056 Desiliat
507 991 766 1073 mulier,
808 991 1106 1056 miseram
1149 1013 1218 1054 se
1263 991 1518 1055 conscia
1562 991 1819 1074 clamet,
2035 1005 2130 1054 130

201 1075 502 1140 Cruribus
545 1073 706 1137 haec
733 1076 1007 1157 metuat,
1054 1073 1191 1137 doti
1220 1073 1562 1157 deprensa,
1609 1080 1864 1160 egomet
1891 1079 1999 1142 mi.

200 1158 529 1223 Discincta
568 1156 789 1221 tunica
830 1156 1271 1242 fugiendumst
1313 1179 1386 1222 ac
1428 1159 1589 1241 pede
1630 1159 1835 1241 nud0,

198 1242 263 1308 N
265 1265 299 1306 e
341 1241 588 1306 nummi
629 1245 895 1324 pereant
937 1245 1047 1306 aut
1087 1263 1263 1328 puga
1304 1245 1415 1307 aut
1459 1241 1729 1326 denique
1770 1242 1958 1309 fama.

198 1326 523 1411 Deprendi
563 1326 954 1392 miserumst:
1008 1326 1208 1391 Fabio
1252 1327 1356 1390 vel
1397 1326 1606 1392 iudice
1648 1327 1917 1393 vincam.

1087 1620 1216 1696 ΙΠ.

196 1753 507 1818 Omnibus
550 1753 675 1817 hoc
717 1752 1007 1816 vitiumst
1050 1754 1445 1836 cantoribus,
1489 1753 1660 1818 inter
1703 1756 1940 1820 amicos

192 1836 286 1901 Vt
325 1859 672 1919 numquam
713 1835 1021 1900 inducant
1063 1837 1346 1900 animum
1391 1840 1646 1901 cantare
1690 1841 1930 1924 rogati,
2048 1874 2054 1881 ·

193 1920 430 1985 Iniussi
473 1940 820 2002 numquam
864 1919 1193 1983 desistant.
1287 1919 1522 1984 Sardus
1565 1921 1843 1987 habebat

190 2005 313 2069 Ille
356 2003 667 2088 Tigellius
710 2003 862 2067 hoc:
923 2001 1184 2086 Caesar,
1231 2004 1341 2088 qui
1385 2025 1614 2089 cogere
1654 2010 1903 2089 posset,

196 2087 265 2153 Si
306 2091 554 2171 peteret
577 2109 692 2172 per
722 2086 1065 2152 amicitiam
1091 2088 1294 2171 patris
1325 2091 1513 2171 atque
1544 2111 1753 2173 suam,
1797 2112 1932 2155 non
2097 2105 2130 2154 5

195 2172 551 2255 Quicquam
593 2171 957 2256 proficeret3
1005 2172 1061 2237 si
1105 2173 1547 2257 conlibuisset,
1594 2176 1675 2239 ab
1721 2197 1841 2240 ovo

190 2255 409 2340 Vsque
455 2255 534 2321 ad
563 2257 730 2320 mala
776 2256 1003 2321 citaret
1058 2258 1144 2321 ‘io
1174 2256 1487 2322 Bacchae'
1521 2260 1712 2325 modo
1758 2282 2003 2324 summa

189 2340 387 2424 Voce,
412 2341 599 2405 modo
621 2340 762 2424 hac,
792 2343 1054 2406 resonat
1083 2364 1243 2425 quae
1269 2342 1523 2407 chordis
1554 2347 1826 2427 quatuor
1853 2345 2000 2409 ima.

186 2424 306 2491 Nil
349 2426 610 2510 aequale
653 2425 900 2489 homini
942 2426 1068 2489 fuit
1108 2427 1236 2490 illi:
1286 2448 1472 2510 saepe
1515 2429 1692 2492 velut
1734 2430 1843 2512 qui

190 2509 505 2575 Currebat
544 2510 799 2593 fugiens
843 2509 1128 2591 hostem,
1172 2532 1478 2595 persaepe
1522 2513 1696 2577 velut
1739 2515 1849 2598 qui
2064 2529 2129 2577 10

186 2593 460 2658 Iunonis
506 2614 685 2657 sacra
727 2593 949 2679 ferret}
993 2594 1274 2658 habebat
1315 2617 1503 2680 saepe
1547 2597 1886 2681 ducentoS,

187 2677 396 2762 Saepe
427 2677 643 2743 decem
675 2699 922 2763 servos3
953 2679 1144 2743 modo
1174 2701 1360 2765 reges
1391 2684 1580 2765 atque
1608 2681 1995 2766 tetrarchas,

185 2762 426 2829 Omnia
490 2784 736 2848 magna·
785 2764 1081 2848 loquens,
1146 2764 1339 2829 modo
1399 2766 1511 2829 ‘sit
1563 2765 1723 2829 mihi
1777 2788 2002 2847 mensa

1409 2850 1496 2911 tri
1544 2871 1610 2912 es
1657 2852 1721 2913 et

183 2932 456 2999 Concha
485 2932 635 2997 salis
678 2933 823 3017 puri
855 2936 920 2997 et
961 2936 1118 3018 toga
1190 2954 1351 3017 quae
1383 2871 1720 2998 defgndere
1761 2935 1966 3020 frigus
1979 2985 1997 3018 ,

182 3017 492 3092 Quamvis
524 3039 764 3100 crassa,
796 3020 1030 3100 queat.'
1095 2982 1373 3081 baciens
1416 3022 1687 3082 centena
1716 3019 1994 3086 dedisses
2063 3034 2124 3083 15

178 3101 357 3167 Huic
399 3123 593 3186 parco
605 3152 625 3186 ,
667 3102 888 3185 paucis
934 3103 1269 3166 contento:
1317 3102 1594 3186 quinque
1639 3103 1860 3171 diebus

178 3184 302 3249 Nil
346 3190 480 3249 erat
521 3187 591 3250 in
633 3186 880 3251 loculis.
943 3185 1184 3252 Noctes
1228 3187 1538 3272 vigilabat
1581 3188 1661 3252 ad
1703 3191 1915 3274 ipsum

178 3268 413 3352 Mane,
457 3271 623 3335 diem
665 3274 874 3336 totum
919 3272 1243 3336 stertebat.
1333 3271 1447 3338 Nil
1489 3273 1613 3337 fuit
1655 3297 1956 3358 umquam

180 3352 296 3418 Sic
328 3354 512 3437 inpar
543 3355 683 3420 sibi.
753 3356 945 3422 Nunc
976 3356 1202 3440 aliquis
1248 3356 1419 3421 dicat
1458 3357 1619 3421 mihi
1662 3359 1838 3442 ‘quid
1879 3361 1995 3425 tu?

173 3437 469 3505 Nullane
490 3437 685 3505 habes
707 3441 930 3507 vitia‘R’
957 3440 1162 3507 Immo
1189 3441 1331 3529 alia,
1353 3445 1417 3507 et
1438 3443 1707 3508 fortasse
1731 3444 1999 3511 minora.
2057 3458 2124 3505 20

1748 3547 1816 3599 9*
