2514 3950
914 177 1483 235 PROLEGOMENA.
1973 177 2155 234 XXIX

805 321 884 376 sic
918 323 1046 376 tota
1079 321 1293 390 passim
1327 320 1555 391 regione
1591 321 1869 389 vagantur

543 390 688 446 aeris
724 390 783 445 in
821 392 1032 462 campis
1067 392 1215 446 latis.

374 487 656 547 Ceterum
701 505 838 548 cum
874 488 1098 548 Catulli
1141 506 1350 548 versus
1398 505 1545 565 quos
1592 488 1773 547 attuli
1815 488 1992 564 petiti
2038 489 2159 549 sint

241 595 313 636 ex
346 577 570 636 tralato
600 575 953 637 Callimachi
987 596 1166 654 opere
1203 577 1278 636 de
1309 593 1478 636 coma
1504 575 1838 650 Berenices,
1875 577 2159 636 credibile

242 666 336 724 est
387 665 674 741 praeiisse
728 667 841 725 hoc
893 669 964 726 ut
1017 666 1138 724 alia
1181 665 1377 741 poetis
1421 664 1656 725 Latinis
1702 662 2158 730 Alexandrinos.

246 752 468 813 Tamen
522 754 687 831 apud
741 755 1028 825 Quintum
1079 773 1177 826 111,
1245 755 1371 814 657
1439 753 1817 814 scribendum
1884 753 2157 814 existimo

244 837 548 915 μεγάλοιο
605 836 750 903 κατ’
793 838 1081 917 αἰθέρος,
1125 842 1283 902 sieut
1328 841 1474 902 alibi
1519 861 1755 918 semper
1799 842 1976 902 idem.
2070 842 2158 902 cf.

241 932 306 991 et
346 949 445 1005 111,
494 933 641 990 665.
691 934 816 992 708
866 931 956 992 ed.
995 931 1463 1008 Tychsenianae.

378 1037 479 1111 28,
519 1038 600 1095 21
642 1055 727 1112 sq.
777 1055 870 1096 me
912 1055 1131 1111 quoque
1173 1039 1372 1097 devexi
1413 1037 1662 1111 rapidus
1706 1053 1890 1098 comes
1928 1035 2161 1097 Orionis

242 1125 504 1197 Illyricis
530 1123 728 1182 *Notus
771 1126 964 1184 obruit
1002 1126 1194 1184 wndis.
1262 1123 1516 1183 Omnino
1560 1124 1967 1200 recipiendum
2012 1130 2161 1201 erat,

246 1213 360 1272 etsi
403 1211 572 1271 tenui
618 1212 886 1272 codicum
931 1212 1293 1272 auctoritate
1336 1212 1660 1284 munitum,
1706 1212 1860 1270 illud
1901 1215 2160 1286 rabidus,

242 1319 378 1360 cum
430 1317 552 1359 non
604 1300 974 1360 celeritatem
1025 1300 1265 1374 Austri,
1326 1300 1434 1360 sed
1477 1299 1825 1360 violentiam
1869 1301 1981 1360 hoc
2033 1302 2162 1362 loco

243 1390 610 1466 tangendam
662 1389 852 1449 fuisse
903 1389 1079 1448 facile
1134 1389 1438 1465 appareat.
1530 1388 1743 1465 Neque
1796 1406 1936 1450 curo
1982 1408 2164 1449 mem-

240 1478 460 1538 branas
507 1495 659 1537 saec.
705 1496 841 1538 vnn
881 1479 981 1539 vel
1013 1498 1072 1552 x,
1119 1495 1256 1537 cum
1300 1479 1534 1537 constet
1577 1477 1700 1537 iam
1743 1476 1849 1537 isso
1894 1481 2163 1555 tempore

242 1569 425 1644 atque
472 1566 654 1625 etiam
696 1567 894 1642 priore
938 1585 1154 1643 parum
1207 1567 1395 1627 fuisse
1448 1568 1822 1642 compertum
1867 1585 2162 1642 gramma·

241 1656 378 1715 ticis
391 1701 406 1729 ,
459 1655 619 1714 inter
667 1657 946 1729 rapidum
1000 1659 1086 1730 et,
1143 1656 1304 1732 quod
1353 1655 1553 1715 rarius
1600 1655 1950 1715 occurrebat
1992 1672 2163 1716 voca-

243 1744 480 1817 bulum,
525 1745 799 1804 rabidum
842 1744 987 1820 quid
1029 1743 1370 1804 interesset.

374 1833 463 1892 Ib.
515 1833 599 1891 24
653 1834 876 1894 ossibus
929 1837 982 1892 et
1038 1835 1216 1907 capiti
1271 1833 1586 1892 inhumato,
1676 1831 1951 1890 Videnda
2010 1850 2164 1908 quae

238 1920 499 1981 diximus
547 1919 601 1978 d.
638 1939 688 1981 r.
723 1940 802 1982 m.
848 1939 949 1996 pg.
987 1921 1112 1980 311
1164 1923 1227 1980 et
1272 1920 1351 1979 ad
1396 1939 1486 1996 ep.
1536 1922 1639 1993 11,
1687 1921 1790 1979 24.

377 2028 426 2081 1,
478 2011 590 2081 31,
641 2011 677 2067 9
729 2007 1009 2066 Calenam
1051 2008 1292 2083 Porph„
1327 2007 1550 2083 BentL,
1598 2005 1820 2066 Calena
1863 2006 1993 2066 cdd.

376 2115 424 2169 1,
473 2098 586 2168 32,
634 2095 672 2153 5
721 2096 884 2155 dulce
923 2097 1168 2155 lenimen
1201 2096 1592 2169 medicumque
1625 2095 1798 2155 salve.
1860 2096 2165 2155 medicum-

240 2203 354 2259 que
395 2140 832 2258 Lachmannus‚
876 2185 1019 2243 mihi
1063 2200 1301 2258 cumque
1343 2181 1502 2257 cdd.;
1546 2183 1621 2242 cf.
1661 2183 1797 2243 lect.
1833 2182 1975 2243 Hor.
2018 2185 2164 2243 696.

376 2291 427 2346 1,
475 2274 578 2333 35.
654 2272 826 2331 Hanc
871 2273 1024 2332 oden
1066 2272 1131 2330 in
1176 2272 1501 2347 exemplari
1546 2289 1653 2331 suo
1700 2272 1992 2331 adnexam
2036 2272 2165 2331 sine

242 2362 562 2421 intervallo
615 2361 998 2437 praecedenti
1049 2360 1282 2421 invenit
1332 2360 1652 2420 Diomedes
1716 2357 1841 2436 [pg.
1890 2363 2013 2420 521
2064 2358 2164 2437 Ρ].

244 2451 473 2509 Tamen
507 2450 753 2509 minime
789 2448 1188 2509 accedendum
1212 2449 1635 2525 Peerlcampio,
1674 2449 1778 2525 qui
1810 2448 1956 2507 dicit
1985 2467 2163 2525 posse

237 2540 508 2615 aliquem
560 2538 853 2613 suspicari
906 2556 1041 2597 eam
1093 2537 1460 2613 iungendam
1504 2555 1634 2597 esse
1678 2536 1882 2614 priori.
1970 2537 2162 2598 Immo

241 2627 386 2686 huic
431 2627 484 2686 si
519 2626 791 2688 obsecuti
826 2627 1062 2699 erimus,
1109 2627 1330 2684 mirum
1366 2628 1655 2702 quantum
1695 2624 2164 2700 ταυτολογήσει

243 2716 455 2789 oratio,
491 2733 626 2774 cum
664 2715 878 2773 ultima
909 2715 1160 2790 stropha
1185 2715 1465 2773 carminis
1492 2732 1712 2772 xxxrm
1746 2714 1926 2790 plane
1954 2712 2164 2773 eodem

243 2822 424 2863 sensu
467 2804 548 2863 sit
583 2822 699 2879 quo
735 2804 932 2879 prima
967 2804 1405 2879 subsequentis.
1487 2802 1614 2861 Nec
1651 2804 1792 2877 apte
1827 2802 2161 2861 tribuemus

237 2892 499 2951 Horatio
537 2892 700 2951 ultro
735 2892 996 2966 repetita
1029 2893 1300 2967 proximo
1336 2890 1658 2950 intervallo
1692 2890 1802 2949 illa
1826 2892 2060 2950 sustulit
2081 2921 2157 2931 —

241 2983 452 3041 tollere.
542 2980 633 3039 Ac
685 2983 890 3040 tamen
940 2980 1381 3040 necessitudine
1434 2978 1691 3054 quadam
1743 2978 1968 3038 artiore
2012 2996 2163 3037 nexa

242 3072 388 3129 sunt
433 3070 496 3127 et
539 3068 734 3145 ligata
775 3069 935 3127 inter
980 3086 1046 3128 se
1090 3069 1237 3128 haec
1280 3067 1594 3144 opuscula3
1640 3066 1864 3147 quippe
1909 3069 2164 3143 apparet

240 3157 564 3217 Horatium
610 3156 722 3230 hic,
771 3156 929 3215 sicut
973 3156 1128 3215 alibi<
1164 3173 1342 3232 saepe
1378 3156 1659 3215 amarunt
1695 3159 1757 3215 et
1791 3155 1921 3232 ipse
1959 3157 2023 3214 et
2058 3154 2164 3214 alii

239 3248 459 3319 poetae
504 3245 733 3320 Latini,
791 3245 1165 3305 sententiam
1205 3263 1386 3322 quam
1435 3245 1501 3302 in
1552 3244 1669 3302 fine
1713 3244 2007 3320 poematis
2061 3263 2163 3319 po-

242 3336 452 3392 suerat
488 3334 821 3393 accuratius
861 3351 990 3393 esse
1022 3335 1405 3410 persecutum
1441 3332 1597 3391 curis
1624 3332 1930 3408 proximis.
1979 3330 2162 3390 Cuius

236 3420 336 3479 rei
383 3423 651 3497 exempla
694 3423 948 3481 maxime
994 3422 1288 3481 notabilia
1341 3421 1529 3481 habes
1584 3421 1726 3480 libri
1768 3440 1841 3481 111
1884 3419 2160 3480 carmini-
