2514 3950
331 347 400 401 30

317 1336 497 1411 40‘

313 1917 378 1967 45

305 2406 374 2457 50

296 2892 365 2942 55

1115 95 1508 153 CARMINVM

582 255 807 321 Fortes
852 259 1147 322 creantur
1189 258 1462 325 fortibus
1508 263 1573 324 et
1614 261 1833 348 bonis:

588 339 711 406 Est
750 341 821 405 in
861 341 1175 427 iuvencis,
1221 347 1322 408 est
1361 344 1432 408 in
1475 345 1653 428 equis
1696 349 1948 430 patrum

679 424 931 509 Virtus,
973 447 1179 509 neque
1220 427 1524 501 inbellem
1565 429 1809 495 feroces

759 509 1200 595 Progenerant
1240 512 1490 595 aquilae
1535 513 1926 581 columbam:

579 676 890 743 Doctrina
931 677 1043 742 sed
1084 679 1215 743 vim
1256 684 1592 764 promovet
1632 681 1922 766 insitam,

578 760 886 845 Rectique
930 763 1136 827 cultus
1179 767 1441 847 pectora
1482 765 1817 831 roborant:

674 845 1033 929 Vtcumque
1079 846 1363 913 defecere
1404 869 1614 913 mores
1625 899 1645 933 ‚

754 928 1158 995 Dedecorant
1199 931 1362 996 bene
1405 936 1558 998 nata
1602 934 1840 1019 culpae.

576 1097 744 1174 Quid
787 1098 1045 1184 debeas,
1092 1120 1130 1163 o
1175 1099 1410 1185 Roma,
1453 1102 1849 1187 Neronibus,

576 1180 784 1247 Testis
826 1182 1187 1248 Metaurum
1227 1185 1465 1250 flumen
1510 1189 1575 1251 et
1615 1187 1977 1252 Hasdrubal

666 1265 970 1333 Devictus
1014 1271 1080 1334 et
1166 1269 1387 1337 ulcher
1426 1271 1666 1356 fugatis

749 1350 868 1416 Ille
912 1352 1046 1418 dies
1089 1291 1275 1418 12:10
1320 1355 1596 1418 tenebris
1607 1402 1627 1437 ,

571 1502 694 1579 Qui
736 1503 979 1587 primus
1023 1506 1192 1570 alma
1231 1506 1376 1569 risit
1417 1504 1674 1588 adorea,

569 1585 764 1652 Dirus
807 1610 924 1673 per
965 1589 1152 1653 urbes
1195 1589 1356 1652 Afer
1396 1591 1469 1651 ut
1508 1586 1703 1652 Italas

663 1669 798 1737 Ceu
839 1672 1095 1736 flamma
1135 1692 1249 1755 per
1290 1671 1507 1734 taedas
1551 1672 1654 1736 vel
1696 1672 1908 1757 Eurus

744 1755 867 1820 Per
910 1754 1153 1821 Siculas
1198 1755 1507 1838 equitavit
1548 1756 1769 1821 undas,

567 1907 727 1971 Post
767 1904 888 1970 hoc
933 1905 1226 1971 secundis
1265 1927 1464 1992 usque
1507 1908 1830 1975 laboribus

563 1991 854 2057 Romana
894 1991 1096 2074 pubes
1141 1992 1365 2077 crevit,
1412 1995 1477 2057 et
1517 1994 1695 2078 inpio

656 2075 921 2141 Vastata
961 2075 1325 2142 Poenorum
1365 2078 1645 2142 tumultu

738 2157 915 2221 Fana
958 2158 1110 2223 deos
1153 2157 1429 2225 habuere
1471 2164 1713 2246 rectos,

560 2309 862 2392 Dixitque
903 2309 1162 2373 tandem
1204 2309 1480 2393 perfidus
1523 2310 1880 2376 Hannibal:

563 2393 775 2460 ‘Cervi
817 2393 1112 2477 luporum
1153 2394 1388 2478 praeda
1428 2396 1782 2479 rapacium,

653 2476 979 2541 Sectamur
1020 2478 1188 2543 ultro
1201 2527 1221 2560 ‚
1267 2499 1425 2563 quos
1470 2479 1720 2563 opimus

732 2559 980 2625 Fallere
1024 2564 1089 2625 et
1131 2563 1473 2648 effugerest
1513 2563 1891 2649 triumphus·

557 2712 761 2795 Gens„
849 2734 967 2777 uae
1011 2716 1287 2778 cremato
1332 2713 1516 2777 fortis
1562 2714 1642 2777 ab
1685 2713 1807 2777 Ilio

553 2795 796 2861 Iactata
939 2796 1060 2861 scis
1116 2797 1493 2880 aequoribus
1539 2818 1716 2860 sacra

648 2880 978 2965 Natosque
1020 2884 1424 2963 maturosque
1512 2882 1680 2943 atres

728 2964 1003 3029 Pertulit
1042 2964 1362 3028 Ausonias
1407 2985 1444 3027 a
1533 2962 1751 3046 urbes»,

550 3116 744 3181 Duris
787 3119 860 3181 ut
901 3117 1027 3181 ilex
1069 3119 1260 3181 tonsa
1299 3115 1681 3200 bipennibus

550 3200 639 3267 Ni
721 3222 794 3265 ae
838 3201 1033 3265 feraci
1077 3200 1323 3265 frondis
1366 3201 1437 3265 in
1477 3198 1748 3285 Algido,

698 3306 765 3349 er
810 3284 1072 3367 damna,
1117 3306 1230 3369 per
1274 3284 1530 3369 caedeS‚
1576 3283 1657 3349 ab
1700 3284 1839 3367 ipso

728 3367 926 3434 Ducit
969 3390 1121 3452 opes
1165 3369 1572 3455 animumque
1615 3368 1802 3435 ferro·
