2514 3950
361 164 489 232 206
1071 165 1586 223 spmrmnvm
2133 165 2313 239 [xvi.

490 331 834 416 Iuppiter‚’
878 330 1160 416 Augusti
1200 328 1421 394 laudes
1466 348 1816 414 agnoscere
1858 327 2104 412 possis3

392 428 461 481 30
490 415 653 482 Cum
694 414 935 499 pateris
979 415 1233 499 sapiens
1279 413 1772 496 emendatusque
1815 413 2065 478 vocari:

489 499 949 585 Respondesne
990 502 1135 583 tu0,
1180 498 1313 582 dic,
1361 498 1562 577 sodes,
1587 497 1894 562 nomine?
1970 496 2249 581 ‘Nempe

426 629 431 633 -
492 583 613 650 Vir
653 584 861 648 bonus
906 585 971 648 et
1011 582 1291 666 prudens
1335 582 1462 646 dici
1506 581 1786 646 delector
1829 602 1951 666 ego
1995 602 2070 647 ac
2111 584 2233 645 tu.’

493 669 618 745 Qui
662 668 836 732 dedit
875 666 999 732 hoc
1039 665 1231 730 hodie
1244 715 1264 749 ‚
1310 686 1448 730 cras
1493 665 1548 729 si
1591 666 1765 730 volet
1807 664 2082 750 auferet,
2137 667 2211 730 ut
2258 667 2317 731 si

491 752 814 817 Detulerit
853 752 1059 815 fasces
1103 749 1372 834 indigno
1382 798 1403 834 ,
1449 748 1744 815 detrahet
1784 749 1973 815 idem.

391 850 459 901 85
492 837 721 920 ‘Pone‚
766 836 1091 910 meumst‚’
1136 834 1374 917 inquit:
1420 854 1593 918 pono
1636 833 1964 917 tristisque
2006 833 2262 899 recedo,

491 921 673 986 Idem
717 920 773 983 si
815 920 1047 984 clamet
1086 918 1294 983 furem
1307 967 1326 1001 ‚
1368 920 1565 1003 neget
1607 939 1744 982 esse
1786 918 2118 1002 pudicum,

494 1002 861 1072 Contendat
901 1003 1129 1087 laqueo
1175 1003 1414 1068 collum
1454 1002 1760 1085 pressisse
1803 1004 2172 1086 paternum:

493 1088 790 1154 Mordear
833 1087 1193 1172 opprobriis
1236 1087 1417 1151 falsis
1459 1089 1824 1170 mutemque
1870 1086 2160 1152 colores}>

499 1172 726 1238 Falsus
767 1171 977 1237 honor
1016 1172 1195 1236 iuvat
1237 1173 1304 1235 et
1343 1170 1617 1235 mendax
1658 1170 1926 1235 infamia
1965 1173 2165 1235 terret

394 1270 464 1321 40
492 1257 696 1334 Quem
724 1257 850 1321 nisi
877 1256 1255 1321 mendosum
1287 1258 1350 1320 et
1380 1254 1916 1403 medicandum??
1935 1254 2055 1321 Vir
2094 1254 2315 1321 bonus

1587 1342 1686 1404 est
1771 1340 1870 1404 uis

495 1425 643 1502 ‘Qui
681 1425 975 1491 consulta
1014 1427 1271 1509 patrum
1286 1474 1305 1509 ,
1351 1424 1461 1508 qui
1501 1424 1677 1509 leges
1719 1362 1983 1508 iiliraque
2026 1427 2275 1508 servat,

505 1509 645 1586 Quo
688 1511 926 1574 multae
967 1531 1365 1594 magnaeque
1409 1511 1702 1573 secantur
1742 1508 1952 1573 iudice
1993 1508 2172 1589 lites,

497 1593 636 1670 Quo
679 1614 782 1657 res
826 1614 1131 1676 sponsore
1174 1596 1240 1657 et
1282 1614 1406 1676 quo
1452 1614 1677 1658 causae
1718 1596 1881 1658 teste
1921 1593 2277 1657 tenentur.'

503 1676 629 1742 Sed
669 1674 845 1741 videt
885 1675 1058 1741 hunc
1102 1677 1310 1741 omnis
1354 1675 1577 1741 domus
1622 1680 1687 1742 et
1727 1677 1964 1742 vicinia
2003 1679 2143 1741 tota
2186 1686 2199 1693 “

401 1774 472 1825 45
499 1760 856 1825 Introrsum
898 1764 1150 1909 turpem
1162 1809 1181 1844 ‚
1227 1760 1586 1846 speciosum
1629 1762 1797 1846 pelle
1841 1762 2086 1827 decora.

504 1845 668 1912 ‘Nec
710 1845 952 1909 furtum
1024 1845 1120 1909 eci
1161 1866 1284 1910 nec
1448 1846 1521 1928 '‚'
1569 1846 1625 1910 si
1665 1845 1827 1910 mihi
1870 1846 2042 1911 dicat

499 1928 760 1996 Servus:
806 1929 1027 1996 ‘habes
1068 1930 1375 2014 pretium,
1445 1930 1575 1995 oris
1613 1951 1749 2012 non
1790 1930 1992 1996 ureris
2004 1935 2049 2013 ‚⁹
2100 1929 2231 1996 aio.

499 2014 678 2082 ‘Non
740 2014 1065 2080 hominem
1122 2015 1370 2080 occidi.’
1471 2014 1648 2081 ‘Non
1712 2035 1934 2099 pasces
1999 2015 2070 2079 in
2126 2036 2327 2081 cruce

1591 2108 1860 2165 corvos.’

502 2184 681 2250 ‘Sum
723 2183 930 2247 bonus
962 2185 1027 2247 et
1067 2183 1280 2268 frugi!
1312 2183 1552 2249 Renuit
1591 2184 1964 2268 negitatque
1998 2181 2324 2250 Sabellus.

400 2281 470 2331 5ο
524 2266 765 2333 Cautus
811 2267 981 2330 enim
1022 2267 1253 2330 metuit
1293 2267 1546 2332 foveam
1588 2267 1776 2351 lupus
1821 2267 2262 2350 accipiterque

502 2350 844 2435 Suspectos
887 2350 1148 2434 laqueos
1192 2353 1259 2414 et
1301 2349 1593 2434 opertum
1634 2353 1868 2418 miluus
1909 2351 2192 2416 hamum.

504 2434 794 2499 Oderunt
833 2456 1097 2517 peccare
1139 2434 1296 2499 boni
1339 2435 1593 2500 virtutis
1639 2458 1885 2501 amore:

501 2518 599 2582 Tu
639 2516 806 2581 nihil
849 2518 1145 2584 admittes
1188 2519 1260 2584 in
1301 2520 1367 2583 te
1409 2519 1751 2585 formidine
1793 2541 2059 2605 poenae.

502 2602 600 2668 Sit
642 2622 787 2685 spes
830 2602 1126 2685 fallendi,
1169 2603 1469 2668 miscebis
1515 2625 1698 2671 sacra
1737 2604 2057 2689 profanis:

397 2699 466 2751 55
494 2686 664 2753 Nam
709 2686 786 2750 de
828 2685 1005 2750 mille
1048 2685 1233 2750 fabae
1268 2687 1499 2752 modiis
1544 2708 1689 2752 cum
1733 2689 1896 2753 surri
1942 2689 1996 2752 is
2040 2708 2291 2774 unum,

500 2770 889 2837 Damnumst
898 2819 917 2854 ‚
960 2791 1095 2835 non
1136 2770 1413 2855 facinus,
1454 2771 1616 2836 mihi
1657 2775 1846 2857 pacto
1917 2773 2098 2837 enius
2142 2773 2306 2839 isto,

500 2855 620 2921 Vir
660 2856 897 2940 bonus,
956 2876 1146 2921 omne
1198 2855 1410 2921 forum
1462 2877 1652 2940 quem
1676 2858 1953 3006 bspeacltat
2006 2858 2072 2922 et
2129 2878 2343 2924 omne

1590 2941 1676 3005 tri
1720 2964 1811 3005 un

504 3024 1045 3109 Quandocumque
1089 3026 1241 3091 deos
1284 3026 1386 3091 vel
1427 3046 1625 3109 porco
1670 3027 1772 3091 vel
1814 2989 1976 3090 bo've
2064 3025 2253 3093 lacat
2267 3078 2290 3113 ,

503 3108 681 3174 ‘Iane
722 3112 927 3194 pater’
975 3110 1175 3195 clare,
1221 3110 1389 3176 clare
1433 3131 1578 3175 cum
1624 3109 1786 3174 dixit
1825 3109 2022 3194 ‘Apol
2049 3119 2149 3194 0‚’

403 3207 471 3257 60
499 3193 707 3259 Labra
746 3197 963 3259 movet
1002 3198 1293 3260 metuens
1337 3193 1571 3259 audiri:
1618 3193 1908 3278 ‘pulchra
1949 3193 2265 3262 Laverna
2280 3247 2303 3284 ,

501 3276 605 3342 Da
645 3277 804 3342 mihi
847 3279 1067 3343 fallere
1083 3327 1104 3362 ,
1149 3279 1232 3343 da
1273 3278 1441 3343 iusto
1487 3280 1834 3362 sanctoque
1877 3277 2109 3362 videri,

378 3367 389 3378 “
502 3361 778 3428 Noctem
817 3363 1098 3446 peccatis
1143 3364 1208 3426 et
1250 3361 1578 3426 fraudibus
1623 3362 1805 3427 obice
1846 3362 2138 3428 nubem.'

504 3444 628 3522 Qui
671 3445 897 3510 melior
939 3465 1122 3511 servo
1133 3493 1155 3531 ,
1199 3446 1310 3529 qui
1352 3446 1612 3511 liberior
1656 3446 1741 3510 sit
1783 3467 2010 3513 avarus
2022 3495 2043 3532 ‚
