2514 3950
380 136 512 222 200
1085 124 1601 195 mmmmm
2227 139 2332 213 [X.

511 304 582 370 si
623 302 784 388 pede
825 301 1031 367 maior
1076 302 1225 385 erit,
1273 300 1622 383 subvertet,
1667 300 1724 364 si
1763 300 2006 384 minor,
2049 302 2212 366 uret.

508 388 743 453 Laetus
787 389 958 452 sorte
999 388 1112 451 tua
1152 386 1327 452 vives
1371 385 1716 469 sapienter,
1759 384 1992 467 Aristi,
2088 393 2089 398 ’

381 485 448 535 45
508 471 648 539 Nec
673 494 778 537 me
822 471 1103 536 dimittes
1146 470 1626 556 incastigatum,
1670 468 1781 533 ubi
1811 469 2009 553 ‚plura

512 556 786 642 Cogere,
834 577 1022 640 quam
1067 554 1223 619 satis
1268 557 1393 638 est,
1450 576 1524 619 ac
1564 575 1699 618 non
1740 574 1988 618 cessare
2029 551 2331 618 videbor.

508 641 790 726 Imperat
833 643 943 705 aut
986 639 1183 704 servit
1226 640 1494 703 collecta
1534 638 1802 722 pecunia
1846 638 2099 722 cuique,

510 725 777 790 'Portum
820 724 886 788 di
981 745 1020 787 a
1048 722 1228 806 sequi
1271 723 1485 807 potius
1524 743 1716 805 quam
1759 721 1986 786 ducere
2027 720 2281 787 funem.

509 808 686 873 Haec
729 808 849 872 tibi
942 807 1212 872 ‘etabam
1254 809 1405 903 post
1445 806 1669 871 fanum
1709 808 1896 890 putre
1937 805 2272 889 Vacunae,

381 906 451 957 50
509 892 797 977 Excepto
843 891 1013 976 quod
1055 913 1188 956 non
1233 890 1423 957 s1mu1
1467 912 1666 976 esses,
1712 893 1924 956 cetera
1964 890 2192 955 laetus·
2442 865 2447 1096 ε

1280 1182 1384 1256 XI

512 1314 680 1390 Quid
722 1313 843 1379 tibi
884 1312 1023 1377 visa
1066 1311 1292 1397 Chios,
1336 1312 1606 1396 Bullati,
1649 1314 1928 1396 notaque
1971 1310 2251 1395 Lesbos,

513 1398 680 1475 Quid
726 1398 1038 1463 concinna
1082 1396 1336 1480 SamOS,
1375 1419 1379 1422 ·
1428 1397 1537 1463 uid
1583 1396 1802 1463 Croesi
1842 1396 2020 1481 regia
2063 1394 2326 1479 Sar-die,

511 1481 789 1566 Zmyrna
811 1480 963 1565 quid
988 1484 1052 1545 et
1064 1419 1451 1566 Colophonq?
1476 1482 1721 1545 maiora
1740 1480 2075 1545 minorane
2099 1480 2328 1544 fama?

516 1565 846 1640 Cunctane
873 1586 1027 1661 prae
1046 1563 1290 1648 Campo
1321 1568 1386 1629 et
1408 1564 1709 1629 Tiberino
1743 1564 2004 1628 flumine
2033 1563 2333 1648 sordent,

410 1662 446 1713 5
512 1650 623 1713 An
662 1649 840 1712 venit
881 1669 953 1711 1n
993 1650 1214 1712 votum
1255 1648 1556 1712 Attalicis
1602 1669 1680 1712 ex
1721 1647 1986 1712 urbibus
2027 1668 2191 1731 una,

511 1733 622 1797 An
663 1731 988 1797 Lebedum
1030 1731 1253 1796 laudas
1299 1731 1445 1797 odio
1487 1733 1684 1796 maris
1729 1734 1918 1815 atque
1960 1730 2260 1796 viarum?

512 1815 676 1882 ‘Scis
689 1866 708 1901 ,
754 1816 1044 1881 Lebedus
1087 1815 1238 1900 quid
1283 1816 1395 1881 sit:
1461 1815 1682 1883 Gabiis
1726 1815 2035 1880 desertior
2077 1818 2276 1899 atque

511 1901 772 1967 Fidenis
814 1901 1026 1987 vicus;
1066 1904 1286 1966 tamen
1326 1901 1460 1965 illic
1501 1901 1712 1969 vivere
1751 1901 2009 1984 vellem,

514 1986 892 2071 Oblitusque
932 2008 1220 2052 meorum
1259 1985 1730 2052 obliviscendus
1774 1987 1857 2051 et*
1879 1985 2033 2063 illis*

386 2083 454 2134 10
516 2071 619 2137 Ne
664 2074 893 2136 tunum
934 2071 1159 2154 procul
1199 2092 1234 2136 e
1275 2073 1445 2135 terra
1483 2073 1770 2155 spectare
1812 2069 2176 2135 furentem?

441 2225 448 2231 ,
513 2155 595 2220 Se
667 2175 891 2238 neque,
929 2155 1040 2238 qui
1061 2153 1283 2239 Capua
1301 2155 1573 2220 Romam
1610 2154 1792 2238 petit,
1820 2154 2023 2219 imbre
2051 2154 2330 2238 lutoque

511 2238 875 2323 Adspersus
919 2238 1092 2302 volet
1132 2239 1202 2302 in
1245 2259 1535 2322 caupona
1575 2239 1817 2323 vivere;
1861 2260 1981 2303 nec
2025 2238 2137 2323 qui

510 2321 744 2407 Frigus
789 2321 1081 2407 collegit,
1124 2321 1348 2387 furnos
1391 2325 1457 2388 et
1496 2322 1727 2388 balnea
1770 2321 1989 2387 laudat

510 2405 605 2470 Vt
644 2407 1036 2471 fortunatam
1121 2407 1266 2471 lene
1308 2407 1700 2491 praestantia
1740 2407 1972 2491 vitam3

384 2501 450 2553 15
515 2488 655 2556 Nec
666 2539 685 2572 ,
733 2490 788 2554 si
828 2493 894 2554 te
936 2490 1065 2554 vali
1107 2513 1183 2555 us
1226 2491 1558 2557 iactaverit
1597 2492 1835 2556 Auster
1875 2491 1947 2556 in
1989 2490 2157 2575 alto,

510 2572 759 2638 Idcirco
803 2575 1023 2636 navim
1074 2577 1253 2640 trans
1296 2575 1626 2672 Aegaeum
1667 2597 1842 2641 mare
1884 2575 2147 2640 vendas,

510 2657 829 2723 Incolumi
856 2656 1119 2722 Rhodos
1161 2661 1226 2722 et
1252 2657 1563 2741 Mytilene
1604 2659 1870 2743 pulchra
1911 2659 2099 2742 facit,
2147 2661 2329 2743 quod

508 2741 794 2807 Paenula
836 2741 1144 2825 solstitio,
1190 2762 1330 2807 cam
1377 2745 1542 2807 estre
1584 2744 1902 2808 nivalibus
1947 2743 2118 2808 auris
2131 2792 2152 2827 ,

509 2825 634 2890 Per
675 2826 968 2890 brumam
1011 2824 1288 2910 Tiberis,
1329 2764 1561 2891 gexffli
1601 2848 1821 2892 mense
1865 2828 2178 2893 caminus,

382 2922 451 2972 20
511 2908 686 2974 Dum
729 2910 882 2974 licet
923 2931 998 2975 ac
1040 2911 1289 2976 voltum
1317 2913 1527 2989 servat
1552 2910 1840 2976 Fortuna
1880 2911 2280 3000 benignum,

511 2993 755 3058 Romae
782 2992 1075 3059 laudetur
1098 2993 1324 3060 Samos
1362 2997 1426 3059 et
1449 2994 1645 3060 Chios
1677 2999 1742 3061 et
1767 2994 2031 3060 Rhodos
2062 2996 2332 3067 absens,

512 3077 611 3142 'I'u
653 3097 1112 3160 quamcumque
1155 3078 1309 3144 deus
1351 3079 1473 3143 tibi
1515 3079 1938 3145 fortunaverit
1978 3078 2216 3146 horam

511 3161 709 3227 Grata
751 3182 930 3226 sume
971 3183 1168 3227 manu
1208 3184 1338 3228 neu
1380 3162 1591 3229 dulcia
1633 3163 1814 3229 differ
1855 3165 1927 3228 in
1969 3186 2219 3232 annum
2233 3217 2259 3252 ,

511 3245 603 3311 Vt
688 3266 1042 3330 uocumque
1086 3247 1230 3312 loco
1274 3246 1470 3312 fueris
1512 3248 1746 3313 vixisse
1791 3248 2065 3313 libenter

380 3341 447 3392 25
513 3329 603 3395 Te
645 3268 851 3397 dicas:
896 3352 1049 3394 nam
1092 3331 1148 3396 si
1190 3333 1357 3397 ratio
1403 3334 1468 3396 et
1507 3333 1849 3416 prudentia
1893 3354 2074 3398 curas
2085 3382 2107 3419 ,

506 3413 659 3482 Non
700 3415 879 3480 locus
924 3415 1106 3481 effusi
1150 3415 1278 3480 late
1320 3416 1514 3481 maris
1558 3417 1794 3482 arbiter
1838 3417 2074 3500 aufert,
