2514 3950
354 157 537 214 XXVI
1024 155 1599 212 PROLEGOMENA.

358 309 514 370 sicut
558 307 655 368 dei
698 309 881 384 atque
923 307 1211 380 homineS,
1256 307 1347 366 ita
1392 307 1576 366 etiam
1617 306 1751 366 loca
1789 304 1972 364 bruta
2008 304 2274 381 gaudent

357 390 792 474 πολυωνυμίᾳ.
894 395 1167 471 Denique
1242 394 1402 471 quod
1473 394 1806 453 Meinekius
1879 410 2016 452 cum
2077 393 2273 453 Peerl-

359 486 590 562 campio
634 479 828 545 totam
873 484 1203 560 stropham,
1246 483 1313 542 in
1349 501 1469 559 qua
1507 486 1650 542 sunt
1683 482 1795 541 illa
1833 476 2023 559 ‘ignis
2059 481 2272 542 Iliacos

361 567 590 635 domos'
635 572 887 633 Horatio
935 572 1265 648 abiudicat,
1309 571 1570 631 libenter
1614 569 1956 630 accederem
2003 571 2117 648 eis,
2159 570 2276 631 nisi

359 663 610 723 abiectis
653 662 926 723 versibus
972 660 1205 721 ultimis
1247 660 1556 721 videretur
1599 659 1872 720 clausula
1916 661 2061 734 apta
2104 658 2275 720 desse

359 751 626 811 carmini.
728 750 813 809 Et
873 749 1113 808 hercule
1177 747 1428 809 decebat
1489 747 1739 808 exitium
1795 746 2036 825 Troiae,
2099 748 2276 824 longe

359 840 607 917 gravius
653 836 804 897 illud
849 840 1041 897 morte
1076 836 1315 897 Paridis
1358 836 1616 896 hominis
1650 836 1946 909 vilissimi,
1989 853 2111 895 non
2149 839 2276 895 tan-

359 931 493 987 tum
536 945 654 986 uno
699 945 880 988 versu
923 926 1229 986 breviculo
1272 942 1342 985 ac
1379 926 1744 985 subobscuro
1784 920 1882 1000 [8]
1931 923 2154 984 defleri.
2188 954 2272 968 —

362 1014 647 1075 Ceterum
703 1015 769 1073 in
821 1013 1016 1074 medio
1071 1014 1358 1090 opusculo
1411 1013 1638 1073 iustum
1699 1013 2134 1073 sententiarum
2186 1031 2277 1074 co-

359 1121 581 1163 nexum
638 1102 926 1163 desidero.
1030 1102 1188 1162 Nam
1244 1105 1309 1162 et
1364 1121 1473 1177 pro
1533 1102 1821 1162 historiae
1878 1101 1994 1161 fide
2054 1105 2118 1161 et
2167 1122 2277 1178 pro

361 1192 620 1268 simplici
671 1192 976 1252 rationum
1022 1190 1454 1267 probabilitate
1499 1191 1817 1266 oportebat
1857 1190 2026 1266 prius
2069 1191 2279 1266 fugam

359 1280 597 1340 Paridis
652 1270 1068 1355 se‘cessumque
1121 1282 1185 1339 et
1237 1279 1539 1337 luxuriam
1592 1278 1809 1353 quibus
1857 1278 2081 1339 vitaret
2125 1280 2278 1355 peri·

360 1371 498 1430 cula
533 1368 791 1428 describi
827 1385 1024 1444 quam,
1071 1385 1224 1443 quae
1259 1367 1506 1427 tandem
1539 1384 1807 1443 evenere,
1851 1385 2076 1443 poenas
2113 1367 2279 1426 adul-

359 1457 501 1516 terii
554 1460 618 1517 et
669 1458 942 1516 mortem.
1042 1454 1255 1532 Neque
1319 1458 1459 1531 apte
1522 1455 1947 1515 continuantur
2001 1456 2112 1515 illa
2163 1473 2281 1516 non

360 1546 719 1606 Laertiaden
762 1575 851 1585 —-
895 1544 1160 1618 respicis,
1211 1549 1460 1618 torquent
1502 1548 1555 1605 te
1601 1544 1843 1612 Teucer,
1890 1549 1943 1604 te
1983 1543 2281 1605 Sthenelus

361 1652 412 1694 e.
460 1654 515 1710 q.
564 1652 611 1695 s,
655 1635 849 1692 metro
892 1632 1107 1713 priori,
1162 1633 1269 1693 ubi
1310 1650 1431 1694 non
1472 1632 1599 1693 vivi
1639 1632 1896 1706 Paridis,
1953 1633 2059 1693 sed
2104 1633 2281 1693 occisi

361 1723 525 1783 facta
569 1725 665 1782 est
706 1719 949 1781 mentio.
1026 1720 1138 1780 His
1183 1721 1360 1781 facile
1404 1720 1682 1780 medeare
1724 1721 2113 1781 incommodis
2157 1725 2278 1781 tra·

359 1810 533 1871 iectis
580 1809 841 1885 strophis
887 1810 1104 1885 quarta
1145 1813 1211 1869 et
1254 1809 1466 1887 quinta
1510 1811 1654 1886 post
1698 1812 1988 1869 octavam.
2063 1810 2191 1870 Hoc
2228 1811 2281 1869 si

361 1899 691 1973 admiseris,
738 1897 923 1959 etiam
964 1897 1117 1957 illud
1161 1898 1379 1972 evenit,
1425 1900 1496 1956 ut
1537 1897 1804 1958 ordinem
1839 1898 2281 1974 persimplicem

361 1989 428 2048 et
467 1989 741 2050 versibus
792 1990 848 2048 6.
899 1988 955 2047 7.
1002 1989 1041 2049 8
1097 1987 1454 2062 indicatum,
1514 2006 1632 2063 quo
1684 1988 1944 2063 primum
1997 1987 2281 2047 Troiano-

360 2096 497 2136 rum
535 2077 792 2151 labores,
835 2093 975 2136 mox
1009 2075 1244 2136 Paridis
1293 2080 1355 2136 et
1398 2076 1665 2152 proxime
1708 2076 2045 2136 insecutum
2088 2076 2280 2151 ipsius

362 2165 579 2225 Troiae
638 2164 887 2224 exitium
945 2165 1281 2224 enarranda
1334 2165 1776 2241 proponuntur,
1839 2165 1962 2221 iam
2019 2163 2285 2224 retineat

360 2255 559 2329 poeta.
650 2251 734 2313 Et
776 2254 848 2312 ut
892 2252 978 2312 sic
1021 2252 1230 2325 trium,
1281 2251 1368 2311 ita
1413 2269 1597 2326 supra
1642 2248 1711 2328 [1,
1757 2253 1817 2326 3,
1864 2246 1978 2324 28]
2027 2250 2285 2312 duorum

360 2360 645 2402 versuum
700 2341 1019 2401 intervallo
1079 2340 1379 2416 repetitur
1439 2331 1702 2414 ‘gentis'
1761 2337 2137 2399 vocabulum.
2199 2371 2277 2383 —

362 2428 643 2496 Ceterum
696 2447 833 2489 cum
884 2429 1161 2489 versibus
1217 2446 1321 2487 sex
1375 2427 1479 2502 qui
1531 2427 1675 2486 sunt
1719 2443 1757 2485 a
1800 2426 2007 2502 quinto
2053 2427 2281 2490 decimo

358 2518 498 2577 inde
542 2518 687 2578 Hor.
731 2518 1019 2578 nonnulla
1068 2517 1142 2575 de
1187 2515 1450 2576 Homero
1506 2510 1603 2590 [Il.
1646 2532 1743 2588 111,
1794 2516 1904 2590 54,
1953 2517 2063 2593 553
2119 2515 2282 2594 382]

359 2605 633 2680 traxerit,
679 2624 748 2666 eo
793 2605 990 2682 magis
1016 2604 1252 2677 mirum,
1298 2602 1457 2679 quod
1483 2602 1541 2662 ei
1574 2603 1639 2661 in
1670 2602 1999 2664 notissimis
2037 2604 2285 2681 quibus-

363 2694 502 2754 dam
543 2695 725 2755 rebus
772 2694 1187 2768 obtemperare
1230 2692 1428 2752 noluit
1471 2691 1583 2752 hoc
1627 2693 1904 2754 carmine.
2171 2713 2180 2718 ·

492 2783 818 2843 Praeterea
878 2779 1134 2840 videnda
1195 2798 1348 2855 quae
1410 2780 1657 2841 Iahnius
1722 2782 1795 2841 de
1850 2782 1963 2841 hoc
2017 2781 2285 2843 carmine

363 2871 648 2929 disseruit
692 2870 954 2929 Hermae
995 2886 1092 2944 111,
1144 2870 1271 2948 154
1319 2885 1471 2946 sqq.‚
1519 2869 1623 2946 qui
1664 2871 1814 2930 mihi
1859 2869 2097 2946 quidem
2141 2888 2282 2944 per-

363 2958 557 3019 suasit
609 2975 803 3034 neque
856 2956 1208 3032 allegoriam
1257 2958 1549 3018 contineri
1593 2959 1698 3019 illo
1745 2962 1810 3019 et
1852 2958 2046 3019 videri
2090 2958 2287 3018 Hora-

361 3048 519 3106 tium
560 3045 777 3105 iudicio
822 3043 1085 3104 nondum
1130 3047 1280 3106 satis
1338 3049 1583 3108 subacto
1637 3067 1816 3107 usum
1871 3064 1944 3106 ex
1987 3046 2286 3123 ampliore

362 3133 741 3211 Bacchylidis
785 3135 1057 3209 poemate
1103 3135 1470 3211 excerpsisse
1509 3137 1874 3213 proprioque
1909 3136 2288 3195 instaurasse

363 3224 647 3299 opusculo
690 3221 1038 3282 vaticinium
1083 3223 1279 3286 Nerei.
1359 3222 1529 3294 Quod
1581 3243 1717 3284 cum
1760 3225 1921 3284 inter
1954 3224 2147 3300 prima
2191 3224 2290 3299 ly-

361 3311 474 3371 rici
518 3311 755 3388 generis
803 3312 1198 3389 compositum
1241 3331 1376 3373 esse
1425 3313 1502 3373 ab
1547 3315 1790 3373 auctore
1833 3313 2136 3389 plerisque
2181 3312 2291 3371 ad-

364 3401 614 3474 sentiar,
683 3400 891 3462 dubito
955 3401 1279 3479 aliquando
1346 3418 1424 3460 an
1486 3403 1752 3461 statuam
1817 3418 1956 3461 eum
2006 3399 2294 3461 variandi
