2514 3950
193 160 328 232 xvi]
926 159 1145 215 LmER
1184 160 1230 216 1.
1937 154 2062 220 207

189 322 256 387 In
290 321 461 386 triviis
501 321 699 386 fixum
743 343 890 387 eum
934 342 1003 387 se
1045 320 1324 387 demittit
1367 322 1450 408 ob
1494 343 1731 407 assem,

186 405 311 472 Non
335 405 528 470 video:
571 428 723 471 nam
752 407 860 490 qui
892 405 1134 490 cupiet,
1163 408 1405 470 metuet
1432 427 1707 491 quoque;
1752 428 1944 491 porro
2001 418 2066 470 65

185 490 288 566 Qui
322 492 589 554 metuens
631 491 830 574 vivet,
877 490 1039 554 liber
1080 489 1241 553 mihi
1284 511 1418 555 non
1460 491 1583 555 erit
1621 510 1940 573 umquam.

179 573 422 639 Perdidit
460 595 663 658 arma,
707 575 920 640 locum
962 574 1215 638 virtutis
1263 574 1569 657 deseruit,
1616 575 1724 658 qui

178 657 303 724 Sem
344 680 401 723 er
438 658 504 723 in
547 659 844 743 augenda
884 659 1152 723 festinat
1193 661 1261 723 et
1302 659 1591 724 obruitur
1633 680 1721 723 re.

175 742 297 808 Ven
335 764 424 808 ere
467 765 610 808 eum
652 744 864 828 possis
909 744 1264 827 captivum,
1311 743 1598 811 occidere
1640 743 1808 810 noli:

171 826 384 892 Serviet
421 828 689 893 utiliter:
736 828 875 893 sine
917 830 1141 912 paseat
1183 828 1376 892 durus
1419 832 1706 912 aretque,
2004 838 2070 890 ‘10

163 911 411 996 Naviget
450 932 521 976 ao
564 911 793 976 mediis
835 911 1076 975 hiemet
1116 913 1433 976 mereator
1473 913 1544 976 in
1584 912 1805 997 undis,

165 996 451 1059 Annonae
492 994 729 1078 prosit,
770 997 988 1091 portet
1028 995 1351 1059 frumenta
1390 1017 1735 1079 penusque.

162 1078 268 1142 Vir
304 1078 497 1142 bonus
542 1080 607 1142 et
650 1098 903 1161 saplens
948 1077 1207 1154 audebit
1248 1078 1487 1143 dicere:
1562 1079 1875 1146 ‘Pentheu

157 1161 379 1227 Rector
417 1160 777 1226 Thebarum
792 1211 813 1246 ,
859 1161 1009 1245 quid
1050 1184 1153 1226 me
1195 1162 1476 1245 perferre
1516 1163 1773 1246 patique

157 1244 482 1331 Indignum
503 1266 695 1331 coges
707 1246 766 1311 ‘?’
814 1245 1136 1311 ‘Adimam
1164 1246 1381 1311 bona.’
1419 1245 1692 1330 ‘Nempe
1720 1268 1944 1332 peeus,
2004 1262 2067 1311 75

1338 1351 1508 1414 rem,

145 1414 394 1498 Lectos,
438 1416 804 1499 argentum:
849 1416 1040 1479 tollas
1083 1416 1278 1480 lieet'.
1424 1414 1528 1479 ‘In
1568 1416 1837 1481 manicis
1880 1419 1947 1481 et

146 1497 565 1584 Compedibus
609 1520 798 1564 saevo
840 1501 906 1564 te
951 1500 1069 1564 sub
1114 1500 1376 1564 custode
1419 1500 1698 1565 teneb0.’

141 1582 195 1647 ‘1
238 1605 304 1649 se
344 1583 528 1663 deus,
574 1583 957 1667 simulatque
986 1584 1227 1664 volam,
1273 1605 1378 1649 me
1406 1584 1645 1649 solvet)
1668 1583 1942 1669 Opinor,

137 1606 280 1734 ΗΕΘ
324 1668 518 1734 sentit
561 1668 866 1738 ‘morian’
948 1668 1125 1734 Mors
1168 1669 1397 1734 ultima
1437 1669 1610 1734 linea
1650 1671 1942 1735 rerumst.

974 1956 1203 2033 XVH.

118 2088 461 2172 Quamvis,
495 2087 765 2171 Scaeva,
810 2088 964 2153 satis
991 2110 1107 2174 per
1135 2092 1200 2154 te
1228 2089 1351 2153 tibi
1381 2090 1661 2155 consulis
1692 2091 1757 2155 et
1785 2091 1943 2175 seiS,

113 2172 261 2249 Quo
307 2172 575 2238 tandem
664 2176 807 2238 aeto
854 2172 1073 2238 deceat
1114 2174 1462 2240 maioribus
1505 2175 1628 2239 uti·

106 2256 342 2342 Disce,
375 2256 584 2323 doeen
627 2279 702 2322 us
732 2257 940 2323 adhue
968 2279 1129 2342 quae
1159 2260 1378 2324 censet
1405 2225 1713 2325 amieuius
1728 2308 1747 2344 ,
1784 2261 1858 2323 ut
1887 2259 1943 2323 si

104 2340 365 2407 Caecus
397 2342 525 2407 iter
551 2344 909 2407 monstrare
938 2343 1123 2428 velit3
1167 2345 1386 2407 tamen
1414 2344 1697 2427 adspice,
1734 2343 1943 2427 siquid

96 2425 195 2490 Et
237 2447 403 2510 nos,
453 2426 622 2509 quod
666 2447 846 2491 eures
889 2427 1219 2510 proprium
1262 2427 1521 2511 fecisse,
1568 2428 1630 2492 lo
1675 2448 1918 2492 uamur.
2034 2439 2068 2489 5

96 2509 172 2575 Si
218 2513 290 2574 te
337 2512 534 2594 grata
577 2510 754 2593 quies
799 2512 863 2574 et
903 2510 1176 2593 primam
1220 2512 1483 2576 somnus
1525 2512 1596 2576 in
1684 2533 1862 2577 oram

96 2592 452 2678 Delectat,
499 2593 554 2657 si
595 2596 661 2657 te
703 2593 911 2677 pulvis
956 2595 1383 2692 strepitusque
1424 2599 1739 2680 rotarum,

96 2676 163 2743 Si
211 2677 437 2742 laedit
482 2698 599 2742 cau
646 2698 799 2761 ona,
842 2676 1255 2744 Ferentmum
1299 2681 1393 2745 ire
1437 2680 1701 2745 iubebo:

96 2762 272 2828 Yam
321 2783 550 2846 neque
644 2762 896 2828 'vitibus
941 2764 1327 2849 contingunt
1368 2763 1604 2847 gaudia
1647 2762 1830 2846 soli8‚

96 2846 232 2913 >lec
284 2847 467 2912 vixit
510 2847 713 2931 male,
759 2847 867 2931 qui
909 2850 1097 2912 natus
1139 2847 1547 2928 moriensque
1588 2845 1836 2912 fefellit.
2005 2858 2068 2907 10

96 2931 171 3079 {Z
201 2931 545 3080 2335&
582 2931 982 3079 ἶῑὲῗὲεΡἛέἓ
1027 2952 1108 3079 ἓξ
1141 2929 1492 3079 ζέἓὲἑξῗέῗ
1513 2930 1775 3081 ἑξὲωωὲα

98 3097 172 3162 Si
197 3100 610 3183 pranderet
654 3062 795 3163 olus
835 3098 1184 3182 patienter,
1227 3098 1486 3183 regibus
1527 3099 1624 3164 uti

98 3181 331 3247 Tollet
380 3183 811 3268 Aristippus!
900 3180 994 3247 ‘Si
1036 3181 1225 3247 sciret
1267 3204 1335 3247 re
1388 3183 1525 3248 ‘bus
1567 3183 1693 3266 uti,

98 3264 478 3330 'astidiret
520 3268 693 3351 olus,
739 3267 850 3351 qui
889 3288 993 3331 me
1035 3268 1260 3332 notat?
1388 3267 1551 3332 trius
1592 3265 1823 3331 horum
2006 3277 2073 3330 15

98 3349 319 3414 rerba
371 3350 623 3433 probes
663 3354 729 3416 et
769 3352 940 3417 facta
983 3350 1170 3435 doce,
1213 3351 1318 3416 vel
1358 3351 1571 3416 iunior
1612 3350 1788 3435 audi,

98 3435 210 3499 !ur
265 3433 376 3501 sit
427 3433 751 3521 Aristippi
793 3436 1008 3522 potior
1051 3435 1387 3502 sententia.
1474 3434 1767 3519 Namque
