2514 3950
782 181 882 235 DE
918 181 1191 238 METRIS
1225 182 1698 238 HORATIANIS.
1974 185 2201 239 LXXIII

191 330 198 334 ’
288 334 349 390 et
413 330 696 391 dimetros
777 333 1018 392 exclusa
1088 332 1492 392 scaenicorum
1552 333 1797 392 licentia
1856 334 2197 393 adhibuere.

289 418 558 487 Quorum
601 419 749 479 adeo
796 419 871 479 de
913 423 1046 480 arte
1090 421 1398 485 remisisse
1440 420 1669 496 aliquid
1712 420 1952 503 videtur
1973 421 2140 482 Hor.

421 507 807 567 Aeolensium
851 510 1167 584 poetarum
1211 508 1292 567 ad
1332 526 1612 569 numeros
1660 510 1891 584 primus
1937 510 2202 569 carmina

288 595 521 669 aptavit
577 593 877 669 Catullus,
944 596 1048 655 sed
1111 598 1181 655 ut
1241 596 1422 655 intra.
1467 595 1744 671 Sapphus
1804 597 2200 659 imitationem

291 683 664 743 subsisteret.
728 682 901 742 Vnde
937 686 1100 744 recte
1135 701 1268 743 rem
1300 684 1624 744 instituere
1654 685 1831 758 docti,
1876 685 2035 760 quod
2072 685 2199 744 eius

287 789 502 846 poema
544 789 670 829 xxx
713 772 991 831 binorum
1044 791 1331 833 versuum
1384 773 1727 848 systematis
1784 773 2201 831 distinxerunt.

287 858 446 916 Nam
497 860 609 918 tali
659 863 853 919 metro
909 861 1106 919 totum
1155 860 1381 918 librum
1442 861 1691 920 tertium
1746 859 2021 935 Sapphus
2086 860 2202 919 dis-

287 947 552 1021 positum
596 964 725 1006 esse
770 965 808 1006 a
843 948 1251 1023 grammaticis
1287 947 1707 1006 Alexandrinis
1756 951 1851 1007 sat
1898 951 2146 1008 constat.

425 1033 543 1092 Sed
594 1033 911 1106 HoratiuS,
965 1035 1115 1092 mihi
1165 1035 1406 1110 quidem
1459 1038 1531 1094 ut
1581 1035 1846 1108 videtur,
1911 1039 2203 1111 quotquot

289 1120 499 1178 intulit
541 1120 733 1195 lyrica
776 1123 971 1179 metra
1014 1120 1187 1179 Latio
1201 1166 1215 1194 ‚
1274 1140 1407 1179 cum
1450 1122 1659 1180 Alcaei
1701 1123 1957 1181 maxime
2001 1119 2203 1182 imita-

289 1207 454 1266 tione
516 1208 777 1267 novavit.
880 1206 1158 1266 Ceterum
1218 1225 1430 1267 versus
1502 1209 1771 1283 sapphici
1832 1209 2076 1268 maioris
2142 1213 2203 1270 et

290 1294 668 1371 iambelegici
703 1295 974 1370 exempla
1010 1294 1169 1370 apud
1199 1294 1457 1354 Graecos
1493 1313 1615 1354 non
1649 1296 2050 1355 inveniuntur.
2114 1297 2202 1356 Ac

289 1383 549 1442 fortasse
595 1383 743 1442 haec
786 1386 980 1442 metra
1024 1383 1254 1443 invenit
1297 1384 1445 1461 ipse.

422 1471 687 1529 Verum
739 1490 894 1530 cum
941 1470 1197 1530 Graeci
1249 1470 1470 1546 lyrici
1522 1471 1596 1528 in
1647 1471 1812 1530 basi
1864 1489 2203 1532 versuum

293 1559 809 1635 glyconeorum
871 1559 1516 1635 pherecrateorum
1580 1559 2204 1634 asclepiadeorum

293 1665 446 1705 cum
502 1647 847 1706 trochaeo
902 1646 1300 1722 principali
1362 1646 1767 1721 promiscue
1830 1646 2202 1707 adhibuis-

295 1735 456 1793 sent
501 1734 916 1811 spondeum,
970 1734 1306 1807 iambum,
1360 1734 1831 1810 pyrrichium,
1889 1737 1961 1793 et
2001 1736 2202 1795 volu-

292 1823 528 1882 issent
587 1822 888 1897 primam
952 1826 1027 1881 et,
1091 1823 1423 1898 quintam⁴
1478 1822 1834 1898 syllabam
1896 1822 2204 1889 alcaico·

292 1929 446 1967 rum
491 1912 963 1986 quartamque
1016 1910 1527 1985 sapphicorum
1580 1910 1969 1985 ancipitem
2024 1910 2202 1987 sive,

295 2000 374 2056 ut
416 2002 704 2058 veteres
751 1997 1026 2071 dixere,
1073 2014 1538 2069 communem,
1576 1997 1925 2055 Horatius
1972 2000 2202 2057 omnia

294 2085 592 2142 firmata
648 2084 987 2158 spondeis
1043 2084 1171 2142 sub
1228 2083 1673 2143 severiorem
1725 2086 1960 2160 legem
2003 2104 2204 2146 revo-

297 2171 510 2232 cavit.
580 2170 973 2230 Praeterea
1017 2190 1169 2230 cum
1206 2171 1390 2232 idem
1426 2189 1796 2245 caesuras,
1842 2189 2016 2247 quas
2053 2173 2203 2233 lon·
2239 2245 2240 2248 Ἴ

297 2259 630 2336 gioribus
667 2258 836 2318 addi
869 2260 1124 2319 metris
1158 2260 1478 2319 interest
1506 2260 1951 2337 elegantiae,
1991 2277 2203 2337 saepe

295 2348 731 2407 habuissent
790 2349 1115 2424 insuper,
1177 2348 1531 2407 Horatius
1592 2347 1934 2409 versibus.
1987 2348 2203 2409 unde-

296 2436 429 2496 cim
487 2436 936 2510 syllabarum
1001 2437 1154 2495 sive
1218 2436 1560 2511 plurium,
1637 2453 1674 2494 a
1743 2435 2200 2511 paucissimis

297 2526 371 2583 et
421 2524 541 2582 vix
585 2523 826 2599 dignis
871 2523 1217 2582 memoria
1263 2524 1608 2598 exemplis
1665 2523 1727 2582 si
1780 2525 2201 2599 recesseris,

297 2629 576 2686 semper
636 2610 873 2671 voluit
935 2610 1189 2670 adesse
1259 2610 1684 2670 incisionem
1754 2611 1977 2669 fixam
2050 2630 2203 2671 cer-

297 2701 600 2773 tamque.
709 2698 1109 2773 Rhythmos
1172 2697 1392 2756 etiam
1452 2697 1707 2774 pedum
1778 2701 1941 2756 ante
2013 2698 2201 2759 fines

297 2786 572 2847 ordinis
617 2785 907 2845 metrici
941 2786 1072 2845 hoc
1108 2788 1217 2845 est
1253 2786 1407 2846 sive
1445 2788 1612 2844 ante
1649 2802 2016 2845 caesuram
2052 2786 2203 2846 sive

298 2876 368 2933 in
422 2875 620 2933 exitu
672 2874 888 2933 metri
931 2873 1338 2949 positorum
1396 2872 1830 2948 diligentius
1878 2874 2206 2933 servavit

297 2962 620 3038 Graecis,
677 2965 752 3022 at
794 2962 1026 3021 minus
1071 2963 1410 3021 accurate
1456 2959 1724 3019 Seneca
1774 2963 1845 3020 et
1896 2961 2204 3037 reliquis

295 3052 800 3123 Romanorum,
863 3050 984 3125 qui
1044 3052 1368 3125 tempore
1430 3068 1584 3109 eum
1647 3051 1814 3108 sunt
1875 3048 2203 3109 insecuti.

295 3139 545 3215 Neque
591 3138 776 3197 enim
819 3138 1032 3197 nimis
1079 3156 1241 3198 raro
1286 3137 1493 3215 lociS,
1540 3155 1715 3213 quos
1761 3136 1929 3209 dixi,
1971 3154 2205 3197 mono-

297 3226 593 3299 syllaba
645 3225 1253 3302 praecedentibus
1308 3226 1471 3301 plus
1522 3243 1727 3301 quam
1772 3224 2208 3301 monosylla-

296 3311 407 3372 bis
452 3313 796 3374 admittit.

428 3399 734 3462 Hactenus
770 3402 934 3462 haec.
1007 3400 1166 3460 Nam
1202 3399 1277 3461 de
1322 3401 1587 3460 admissa
1633 3400 1708 3459 ab
1746 3399 1996 3459 Horatio
2034 3418 2210 3475 syna-
