2514 3950
407 494 473 545 ³5

380 2161 470 2240 ,1¹⁰

402 2612 465 2663 15

397 3066 465 3116 20

1169 150 1563 208 CARMINVM

660 313 933 398 Pauperi
974 313 1321 379 recluditur

751 398 846 463 Re
1164 397 1409 481 pueris,
1454 418 1573 462 nec
1616 398 1870 462 sateUes
1914 399 2048 463 orci

665 419 999 580 Calliffi
1044 420 1123 462 ue
1151 481 1405 546 methea
1644 566 1656 579 ⁰

750 568 1019 633 Revent
1059 586 1209 630 auro
1255 568 1499 649 captus.
1572 565 1697 630 Hic
1740 566 2083 649 superbum

660 684 997 750 Tantalum
1040 686 1226 768 atque
1271 682 1526 748 Tantali

755 768 971 833 Genus
1016 767 1328 851 cohercet,
1371 766 1476 831 hic
1520 767 1728 831 levare
1772 767 2064 832 functum

660 852 795 917 Pau
842 872 1013 916 erem
1054 852 1380 916 laboribus

814 939 1032 1002 ocatus
1077 938 1266 1020 atque
1308 956 1442 1000 non
1484 938 1746 1001 vocatus
1790 935 1985 1000 audit.

1214 1192 1515 1266 XVIIII.

658 1324 982 1391 Bacchum
1024 1324 1094 1387 in
1139 1324 1402 1387 remotis
1448 1323 1729 1388 carmina
1768 1322 2033 1407 rupibus

658 1408 811 1474 Vidi
853 1409 1218 1491 docentem,
1264 1407 1501 1472 credite
1542 1407 1815 1492 posteri,

747 1490 1207 1576 Nymphasque
1251 1491 1566 1556 discentes
1611 1493 1677 1554 et
1716 1511 1899 1555 aures

837 1575 1264 1660 Capripedum
1306 1574 1678 1659 Satyrorum
1720 1577 1954 1640 acutaS.

653 1693 880 1759 Euhoe
893 1744 912 1778 ‚
956 1697 1195 1760 recenti
1236 1715 1419 1758 mens
1460 1693 1739 1777 trepidat
1778 1694 1987 1776 metu,

659 1778 982 1863 Plenoque
1024 1778 1264 1845 Bacchi
1305 1781 1562 1862 pectore
1605 1777 1930 1841 turbidum

749 1862 1067 1928 Laetatur.
1157 1862 1413 1945 Euhoe,
1457 1882 1647 1946 parce
1688 1860 1908 1942 Liber,

832 1947 1060 2032 Parce,
1105 1947 1289 2034 gravi
1330 1944 1669 2011 metuende
1711 1944 1955 2028 thyrso.

654 2066 777 2131 Fas
819 2067 1178 2151 pervicaces
1224 2068 1323 2129 est
1364 2063 1525 2128 mihi
1566 2056 1882 2146 Thyiadas

657 2148 936 2233 Vinique
978 2149 1226 2213 fontem
1268 2149 1453 2213 lactis
1498 2150 1564 2212 et
1604 2148 1829 2212 uberes

750 2230 1021 2297 Cantare
1062 2233 1232 2298 rivos
1278 2234 1467 2316 atque
1508 2232 1752 2296 truncis

830 2315 1040 2400 Lapsa
1083 2318 1251 2381 cavis
1295 2316 1524 2381 iterare
1566 2316 1785 2401 mella3

653 2432 778 2497 Fas
822 2436 887 2497 et
928 2433 1148 2499 beatae
1193 2434 1487 2520 coniugis
1530 2433 1816 2498 additum

656 2515 874 2582 Stellis
916 2515 1229 2582 honorem
1270 2521 1563 2603 tectaque
1606 2516 1877 2582 Penthei

748 2599 1033 2665 Disiecta
1073 2623 1206 2666 non
1247 2603 1380 2666 leni
1422 2603 1607 2666 ruina

831 2683 1093 2750 Thracis
1138 2689 1204 2751 et
1253 2687 1518 2751 exitium
1560 2686 1853 2772 Lycurgi.

651 2803 750 2869 Tu
789 2803 993 2868 flectis
1039 2815 1268 2869 amnes
1333 2806 1406 2869 tu
1447 2826 1621 2868 mare
1663 2804 2036 2889 barbarum,

652 2886 751 2951 Tu
793 2910 861 2952 se
907 2889 1099 2953 aratis
1143 2889 1251 2953 uvi
1294 2910 1370 2953 us
1413 2888 1484 2951 in
1526 2888 1695 2973 iugis

743 2970 849 3037 No
896 2993 934 3036 o
980 2972 1278 3038 coherces
1322 2972 1610 3056 viperino

830 3055 1238 3121 Bistonidum
1283 3057 1421 3120 sine
1462 3056 1685 3121 fraude
1729 3057 1954 3121 crines,

649 3172 747 3236 Tu
822 3193 967 3238 cum
1007 3173 1293 3269 parentis
1336 3195 1537 3259 regna
1577 3191 1693 3258 per
1716 3172 2001 3269 ‘arduum

651 3221 898 3322 Cohors
942 3256 1294 3341 Gigantum
1313 3257 1669 3354 ’scanderet
1709 3269 1915 3338 mpla,

742 3340 1058 3405 Rhoetum
1100 3342 1414 3405 retorsisti
1456 3342 1661 3404 leonis

826 3423 1164 3508 Vnguibus
1205 3424 1622 3509 horribilique
1667 3425 1876 3511 mala3.

2113 153 2320 225 [xvm.
