2514 3950
359 138 648 196 XXXVIII
1035 133 1605 192 PROLEGOMENA.

360 306 493 350 esse
564 287 756 361 locus,
828 303 966 345 cum
1034 284 1395 361 praesertim
1462 285 1755 359 appareat
1818 300 2002 344 versu
2060 283 2278 345 ultimo

360 368 968 449 παρακλαυσίθυρον
1020 373 1135 433 1100
1188 370 1571 432 decutetnm
1619 389 1762 432 0880
1797 372 2095 431 imbrium
2153 373 2279 432 vio-

359 463 548 523 lentie
600 462 865 538 furente,
919 460 1196 537 equidem
1245 478 1369 519 non
1420 459 1725 536 intellego.·
1813 459 2031 521 Haesit
2073 464 2280 521 autem

360 552 578 613 vitium
628 551 784 612 illud
844 569 919 611 ex
971 550 1270 625 scriptura
1321 547 1617 624 quadrata
1670 548 1745 607 ut
1793 547 1953 608 infre
2008 545 2149 627 [26,
2207 547 2274 626 1]

351 641 571 716 puellis
613 659 723 717 pro
769 639 994 700 duellis.

493 732 732 804 111,11‚
771 731 851 788 11
897 728 1255 800 nuptiarum
1283 741 1516 801 expers,-
1556 728 1703 786 nota
1735 727 1983 801 nuptias
2018 726 2137 787 dici
2167 746 2277 803 pro

362 833 728 879 revenerea.
817 814 1108 875 Similiter
1151 813 1609 892 NasoAm.n‚
1660 818 1719 890 7,
1765 817 1847 874 21
1896 817 2278 889 quis—fa—

361 906 556 965 mulae
596 905 846 965 coeuobia
889 904 1033 964 biber
1075 904 1228 963 imre
1273 933 1357 946 -—-
1401 901 1731 963 velit.1ta
1774 903 1989 962 statim
2030 905 2282 966 maritus

361 1012 491 1070 pre
519 997 802 1061 amatore,
849 994 917 1052 et
958 1009 1142 1067 supra
1188 987 1292 1067 [11,
1340 989 1569 1067 5,15]
1617 992 1740 1052 ia'm
1772 996 2052 1066 proterva
2091 993 2282 1065 fronte

354 1086 511 1156 petet
551 1081 1113 1155 Lala9c=2maritem.
1194 1079 1425 1140 Eodem
1468 1098 1649 1141 sensu
1693 1083 1759 1140 et
1801 1083 2012 1142 coniux
2052 1082 2281 1157 passim

363 1168 525 1247 apud
569 1169 820 1231 eroticos
864 1169 1186 1228 invenitur.

496 1278 594 1335 m,
635 1263 737 1332 11,
765 1259 1042 1319 17—20.
1102 1256 1230 1317 Hos
1265 1275 1478 1318 versus
1517 1258 1576 1317 si
1607 1257 1947 1333 scripsisset
1971 1256 2280 1336 Horatius,

361 1347 597 1422 indigni
639 1349 814 1406 erant
857 1346 1097 1405 hercule
1140 1345 1285 1405 libri
1328 1345 1485 1419 eius,
1531 1344 1597 1404 in
1640 1345 1859 1421 quibus
1903 1348 2279 1408 recensendis

361 1434 917 1511 praestantissimus
990 1435 1243 1510 quisque
1316 1433 1660 1494 criticorum
1729 1435 1957 1495 locaret
2018 1454 2280 1511 operam.

364 1523 482 1583 Sed
537 1523 696 1583 enim
752 1540 873 1583 non
928 1523 1184 1598 scripsit.
1275 1522 1624 1582 Notandum
1677 1525 1883 1582 autem
1932 1523 2107 1583 illum
2159 1542 2284 1584 non

361 1612 558 1689 magis
592 1629 777 1689 quam
804 1611 1130 1687 Tibullum,
1165 1611 1566 1688 Propertium,
1601 1610 1899 1686 Ovidium,
1938 1612 2090 1672 alios
2126 1614 2280 1672 mul-

361 1705 458 1762 tos
503 1700 598 1760 uti
640 1699 934 1760 adiectivo
973 1698 1134 1775 quod
1170 1702 1267 1759 est
1301 1704 1493 1760 taeter.
1566 1698 1839 1760 Videnda
1875 1719 2028 1777 quae
2072 1703 2282 1763 notavi

362 1789 443 1849 ad
476 1807 524 1849 8.
559 1807 608 1864 1,
649 1791 707 1865 2,
748 1789 848 1848 33.
921 1787 1055 1847 Nec
1093 1790 1236 1863 apte
1272 1787 1583 1848 Bentleius
1627 1789 1694 1847 in
1727 1789 1952 1850 saturis
1993 1786 2070 1865 [1,
2108 1791 2168 1869 ὅ,
2208 1788 2276 1868 7]

360 1878 454 1938 hic
487 1894 587 1951 eqo
609 1881 854 1951 propter
889 1893 1123 1950 aquam,
1166 1877 1319 1950 quod
1354 1881 1482 1936 erat
1514 1879 1825 1944 teterrima,
1867 1880 2055 1938 ventri
2086 1879 2279 1940 indico

361 1966 587 2028 bellum
639 1996 715 2008 —
764 1964 1114 2026 Notandum
1167 1967 1374 2027 autem
1421 1964 1783 2027 adiectivum
1825 1966 1978 2026 illud
2021 1968 2280 2028 maxime

361 2056 616 2131 reperiri
667 2052 839 2130 apud.
879 2054 1241 2115 vetustiores
1297 2057 1508 2130 poetas
1566 2074 1703 2115 cum
1748 2054 1989 2115 Catullo
2033 2059 2099 2115 01
2140 2074 2281 2116 mox

361 2143 524 2219 apud
594 2142 818 2203 similes
883 2144 1100 2202 horum
1153 2141 1545 2204 Christianos.
1641 2142 1812 2203 Vnde
1859 2156 1997 2203 ’non
2056 2146 2281 2205 mirum

358 2231 520 2292 idem
561 2234 836 2307 prostare
881 2231 1046 2306 apud
1098 2248 1200 2291 008
1255 2231 1361 2306 qui
1401 2232 1607 2292 fucata
1650 2232 2034 2309 antiquitatis
2077 2234 2281 2309 specie

359 2319 624 2379 carmina
678 2337 788 2379 sua
840 2318 1144 2379 interdum
1186 2318 1558 2397 distinguere
1593 2324 1827 2395 amant,
1880 2324 2031 2397 puta
2064 2320 2281 2399 Vergi-

285 2421 288 2428 ‘
357 2408 508 2468 lium
554 2408 617 2467 et
662 2407 964 2467 Senecam

490 2514 591 2573 111,
642 2497 743 2559 12.
812 2496 889 2554 In
928 2496 1122 2556 metro
1168 2496 1346 2556 huius
1391 2497 1673 2558 carminis
1721 2497 2135 2559 constituendo
2182 2517 2278 2559 80-

360 2587 533 2644 cutus
589 2602 727 2644 sum
777 2583 1148 2644 Lachmanni
1199 2586 1563 2645 sententiam
1620 2582 1933 2661 [Zeitschr.
1986 2586 2029 2647 f.
2072 2586 2278 2646 Alter-

357 2674 640 2735 thumsw.
689 2672 888 2749 18453
937 2675 1038 2732 61.
1088 2669 1220 2749 62],
1267 2675 1330 2733 01
1375 2692 1669 2734 summam
1714 2674 1955 2750 quidem
1998 2673 2090 2732 rei
2133 2675 2281 2736 olim

356 2760 664 2837 perspexit
716 2759 1047 2823 Βο111101118.
1144 2760 1237 2822 De
1290 2780 1410 2839 qua
1437 2763 1585 2821 *iam
1636 2762 1739 2823 vix
1792 2761 2109 2837 quisquam
2171 2764 2278 2823 du-

357 2849 597 2923 bitabit,
621 2851 960 2925 postquam
1003 2850 1411 2911 demonstravi
1456 2846 1542 2925 [d.
1585 2869 1635 2908 r.
1671 2850 1844 2909 metr.
1884 2853 1919 2909 1
1932 2847 2040 2926 16]
2092 2852 2279 2912 etiam

356 2936 648 2997 Laevium
692 2956 872 2997 usum
916 2956 1048 2999 0880
1093 2942 1424 3015 systemate
1467 2937 1798 3004 ionicorum
1840 2957 1879 2998 a
1917 2940 2135 3000 maiori
2177 2940 2280 3000 de-

356 3044 574 3085 norum
644 3028 707 3085 01
766 3044 1133 3088 novenorum
1195 3029 1453 3088 invicem
1516 3044 1582 3087 se
1646 3027 2085 3104 excipientium.
2192 3028 2280 3088 Et

352 3112 647 3173 'Horatius
693 3113 933 3190 quidem
978 3111 1140 3176 κατὰ
1185 3111 1568 3191 συνάφειαν,
1613 3116 1875 3178 Laevius
1922 3110 2281 3191 ἀσυναρτή-

278 3246 285 3251 .
357 3216 488 3275 τως
535 3202 812 3262 adhibuit
852 3222 1083 3282 versus,
1127 3207 1383 3279 uterque
1427 3215 1518 3263 ex*
1542 3207 1763 3264 natura
1811 3206 2043 3281 proprii
2078 3206 2277 3267 metri.

356 3288 647 3351 Ceterum«
675 3292 912 3352 lineolis
951 3292 1184 3353 iniectis
1223 3292 1562 3368 significavi
1595 3296 1736 3368 post
1760 3294 2046 3369 quartum
2073 3312 2278 3370 quem-

355 3396 472 3455 que
525 3379 809 3464 ionicum,
863 3381 1010 3441 item
1067 3381 1345 3441 octavum
1394 3380 1589 3441 videri
1633 3380 1858 3440 factam
1908 3382 2276 3461 incisionem,
