<?xml version="1.0" encoding="UTF-8"?>
<!DOCTYPE html PUBLIC "-//W3C//DTD XHTML 1.0 Transitional//EN"
    "http://www.w3.org/TR/xhtml1/DTD/xhtml1-transitional.dtd">
<html xmlns="http://www.w3.org/1999/xhtml" xml:lang="en" lang="en">
 <head>
  <title>
</title>
<meta http-equiv="Content-Type" content="text/html;charset=utf-8" />
  <meta name='ocr-system' content='tesseract 3.04.00' />
  <meta name='ocr-capabilities' content='ocr_page ocr_carea ocr_par ocr_line ocrx_word'/>
</head>
<body>
  <div class='ocr_page' id='page_1' title='image "./carmina00horagoog_0126.png"; bbox 0 0 2514 3950; ppageno 0'>
   <div class='ocr_carea' id='block_1_1' title="bbox 373 600 442 650">
    <p class='ocr_par' dir='ltr' id='par_1_1' title="bbox 373 600 442 650">
     <span class='ocr_line' id='line_1_1' title="bbox 373 600 442 650; baseline 0.014 -1"><span class='ocrx_word' id='word_1_1' title='bbox 373 600 442 650; x_wconf 77' lang='lat'><strong>20</strong></span> 
     </span>
    </p>
   </div>
   <div class='ocr_carea' id='block_1_2' title="bbox 384 2485 451 2536">
    <p class='ocr_par' dir='ltr' id='par_1_2' title="bbox 384 2485 451 2536">
     <span class='ocr_line' id='line_1_2' title="bbox 384 2485 451 2536; baseline 0.045 -3"><span class='ocrx_word' id='word_1_2' title='bbox 384 2485 451 2536; x_wconf 76' lang='lat'><strong>10</strong></span> 
     </span>
    </p>
   </div>
   <div class='ocr_carea' id='block_1_3' title="bbox 385 2970 448 3021">
    <p class='ocr_par' dir='ltr' id='par_1_3' title="bbox 385 2970 448 3021">
     <span class='ocr_line' id='line_1_3' title="bbox 385 2970 448 3021; baseline -0.016 0"><span class='ocrx_word' id='word_1_3' title='bbox 385 2970 448 3021; x_wconf 81' lang='lat'><strong>15</strong></span> 
     </span>
    </p>
   </div>
   <div class='ocr_carea' id='block_1_4' title="bbox 380 3458 449 3509">
    <p class='ocr_par' dir='ltr' id='par_1_4' title="bbox 380 3458 449 3509">
     <span class='ocr_line' id='line_1_4' title="bbox 380 3458 449 3509; baseline 0 0"><span class='ocrx_word' id='word_1_4' title='bbox 380 3458 449 3509; x_wconf 82' lang='lat'><strong>20</strong></span> 
     </span>
    </p>
   </div>
   <div class='ocr_carea' id='block_1_5' title="bbox 1120 169 1514 227">
    <p class='ocr_par' dir='ltr' id='par_1_5' title="bbox 1120 169 1514 227">
     <span class='ocr_line' id='line_1_5' title="bbox 1120 169 1514 227; baseline -0.003 0"><span class='ocrx_word' id='word_1_5' title='bbox 1120 169 1514 227; x_wconf 75' lang='lat' dir='ltr'><strong>CARMRWM</strong></span> 
     </span>
    </p>
   </div>
   <div class='ocr_carea' id='block_1_6' title="bbox 621 331 1986 670">
    <p class='ocr_par' dir='ltr' id='par_1_6' title="bbox 621 331 1986 418">
     <span class='ocr_line' id='line_1_6' title="bbox 621 331 1986 418; baseline 0 -20"><span class='ocrx_word' id='word_1_6' title='bbox 621 334 806 399; x_wconf 84' lang='lat' dir='ltr'><strong>Adde</strong></span> <span class='ocrx_word' id='word_1_7' title='bbox 850 331 1021 417; x_wconf 88' lang='lat' dir='ltr'><strong>quod</strong></span> <span class='ocrx_word' id='word_1_8' title='bbox 1061 334 1265 418; x_wconf 80' lang='lat' dir='ltr'>pubes</span> <span class='ocrx_word' id='word_1_9' title='bbox 1307 334 1429 399; x_wconf 88' lang='lat' dir='ltr'><strong>tibi</strong></span> <span class='ocrx_word' id='word_1_10' title='bbox 1472 333 1701 399; x_wconf 87' lang='lat' dir='ltr'><strong>crescit</strong></span> <span class='ocrx_word' id='word_1_11' title='bbox 1743 333 1953 398; x_wconf 92' lang='lat' dir='ltr'><strong>omnis</strong></span> <span class='ocrx_word' id='word_1_12' title='bbox 1966 381 1986 417; x_wconf 94' lang='lat'><strong>,</strong></span> 
     </span>
    </p>

    <p class='ocr_par' dir='ltr' id='par_1_7' title="bbox 627 417 1872 502">
     <span class='ocr_line' id='line_1_7' title="bbox 627 417 1872 502; baseline -0.002 -18"><span class='ocrx_word' id='word_1_13' title='bbox 627 418 907 484; x_wconf 85' lang='lat' dir='ltr'><strong>Servitus</strong></span> <span class='ocrx_word' id='word_1_14' title='bbox 951 418 1179 483; x_wconf 89' lang='lat' dir='ltr'><strong>crescit</strong></span> <span class='ocrx_word' id='word_1_15' title='bbox 1218 438 1420 502; x_wconf 84' lang='lat' dir='ltr'><strong>nova,</strong></span> <span class='ocrx_word' id='word_1_16' title='bbox 1465 438 1586 482; x_wconf 92' lang='lat' dir='ltr'><strong>nec</strong></span> <span class='ocrx_word' id='word_1_17' title='bbox 1626 417 1872 501; x_wconf 83' lang='lat' dir='ltr'><strong>priores</strong></span> 
     </span>
    </p>

    <p class='ocr_par' dir='ltr' id='par_1_8' title="bbox 625 501 1914 670">
     <span class='ocr_line' id='line_1_8' title="bbox 625 501 1914 588; baseline -0.001 -21"><span class='ocrx_word' id='word_1_18' title='bbox 625 502 846 588; x_wconf 87' lang='lat' dir='ltr'><strong>Inpiae</strong></span> <span class='ocrx_word' id='word_1_19' title='bbox 887 505 1131 567; x_wconf 87' lang='lat' dir='ltr'><strong>tectum</strong></span> <span class='ocrx_word' id='word_1_20' title='bbox 1173 501 1470 567; x_wconf 87' lang='lat' dir='ltr'><strong>dominae</strong></span> <span class='ocrx_word' id='word_1_21' title='bbox 1512 501 1914 587; x_wconf 85' lang='lat' dir='ltr'><strong>relinquunt,</strong></span> 
     </span>
     <span class='ocr_line' id='line_1_9' title="bbox 722 586 1209 670; baseline -0.006 -18"><span class='ocrx_word' id='word_1_22' title='bbox 722 586 923 670; x_wconf 88' lang='lat' dir='ltr'><strong>Saepe</strong></span> <span class='ocrx_word' id='word_1_23' title='bbox 963 586 1209 650; x_wconf 85' lang='lat' dir='ltr'><strong>minati.</strong></span> 
     </span>
    </p>
   </div>
   <div class='ocr_carea' id='block_1_7' title="bbox 629 754 1874 1072">
    <p class='ocr_par' dir='ltr' id='par_1_9' title="bbox 629 754 1872 837">
     <span class='ocr_line' id='line_1_10' title="bbox 629 754 1872 837; baseline -0.001 -18"><span class='ocrx_word' id='word_1_24' title='bbox 629 754 726 819; x_wconf 85' lang='lat' dir='ltr'><strong>Te</strong></span> <span class='ocrx_word' id='word_1_25' title='bbox 770 754 900 819; x_wconf 89' lang='lat' dir='ltr'><strong>suis</strong></span> <span class='ocrx_word' id='word_1_26' title='bbox 944 757 1178 820; x_wconf 87' lang='lat' dir='ltr'><strong>matres</strong></span> <span class='ocrx_word' id='word_1_27' title='bbox 1219 757 1516 820; x_wconf 92' lang='lat' dir='ltr'><strong>metuunt</strong></span> <span class='ocrx_word' id='word_1_28' title='bbox 1556 754 1872 837; x_wconf 79' lang='lat' dir='ltr'><strong>iuvencis,</strong></span> 
     </span>
    </p>

    <p class='ocr_par' dir='ltr' id='par_1_10' title="bbox 632 838 1874 924">
     <span class='ocr_line' id='line_1_11' title="bbox 632 838 1874 924; baseline 0 -21"><span class='ocrx_word' id='word_1_29' title='bbox 632 844 720 903; x_wconf 82' lang='lat' dir='ltr'><strong>Te</strong></span> <span class='ocrx_word' id='word_1_30' title='bbox 762 859 946 903; x_wconf 90' lang='lat' dir='ltr'><strong>senes</strong></span> <span class='ocrx_word' id='word_1_31' title='bbox 987 838 1164 923; x_wconf 88' lang='lat' dir='ltr'><strong>parci</strong></span> <span class='ocrx_word' id='word_1_32' title='bbox 1204 839 1627 924; x_wconf 77' lang='lat' dir='ltr'><strong>miseraeque,</strong></span> <span class='ocrx_word' id='word_1_33' title='bbox 1670 859 1760 902; x_wconf 89' lang='lat' dir='ltr'><strong>nu</strong></span> <span class='ocrx_word' id='word_1_34' title='bbox 1805 859 1874 903; x_wconf 91' lang='lat' dir='ltr'><strong>er</strong></span> 
     </span>
    </p>

    <p class='ocr_par' dir='ltr' id='par_1_11' title="bbox 630 921 1870 1072">
     <span class='ocr_line' id='line_1_12' title="bbox 630 921 1870 1070; baseline -0.001 -82"><span class='ocrx_word' id='word_1_35' title='bbox 630 921 931 1070; x_wconf 59' lang='lat' dir='ltr'><strong>Virfms</strong></span> <span class='ocrx_word' id='word_1_36' title='bbox 940 971 961 1007; x_wconf 92' lang='lat'><strong>,</strong></span> <span class='ocrx_word' id='word_1_37' title='bbox 1002 926 1270 1020; x_wconf 85' lang='lat' dir='ltr'><strong>nuptae,</strong></span> <span class='ocrx_word' id='word_1_38' title='bbox 1314 926 1425 988; x_wconf 87' lang='lat' dir='ltr'><strong>tua</strong></span> <span class='ocrx_word' id='word_1_39' title='bbox 1464 944 1548 989; x_wconf 90' lang='lat' dir='ltr'><strong>ne</strong></span> <span class='ocrx_word' id='word_1_40' title='bbox 1590 924 1760 987; x_wconf 87' lang='lat' dir='ltr'><strong>retar</strong></span> <span class='ocrx_word' id='word_1_41' title='bbox 1804 925 1870 987; x_wconf 89' lang='lat' dir='ltr'><strong>et</strong></span> 
     </span>
     <span class='ocr_line' id='line_1_13' title="bbox 784 1010 1222 1072; baseline -0.002 0"><span class='ocrx_word' id='word_1_42' title='bbox 784 1028 899 1072; x_wconf 87' lang='lat' dir='ltr'><strong>ura</strong></span> <span class='ocrx_word' id='word_1_43' title='bbox 938 1010 1222 1071; x_wconf 77' lang='lat' dir='ltr'><strong>maritos.</strong></span> 
     </span>
    </p>
   </div>
   <div class='ocr_carea' id='block_1_8' title="bbox 1179 1214 1485 1225">
    <p class='ocr_par' dir='ltr' id='par_1_12' title="bbox 1179 1214 1485 1225">
     <span class='ocr_line' id='line_1_14' title="bbox 1179 1214 1485 1225; baseline 0 2725"><span class='ocrx_word' id='word_1_44' title='bbox 1179 1214 1485 1225; x_wconf 95' lang='lat' dir='ltr'><strong> </strong></span> 
     </span>
    </p>
   </div>
   <div class='ocr_carea' id='block_1_9' title="bbox 1223 1415 1452 1490">
    <p class='ocr_par' dir='ltr' id='par_1_13' title="bbox 1223 1415 1452 1490">
     <span class='ocr_line' id='line_1_15' title="bbox 1223 1415 1452 1490; baseline 0.009 -2"><span class='ocrx_word' id='word_1_45' title='bbox 1223 1415 1452 1490; x_wconf 83' lang='lat' dir='ltr'><strong>VIIII.</strong></span> 
     </span>
    </p>
   </div>
   <div class='ocr_carea' id='block_1_10' title="bbox 632 1560 2002 1898">
    <p class='ocr_par' dir='ltr' id='par_1_14' title="bbox 632 1560 2002 1898">
     <span class='ocr_line' id='line_1_16' title="bbox 632 1560 2002 1662; baseline -0.003 -32"><span class='ocrx_word' id='word_1_46' title='bbox 632 1563 784 1631; x_wconf 87' lang='lat' dir='ltr'><strong>Non</strong></span> <span class='ocrx_word' id='word_1_47' title='bbox 827 1585 1076 1662; x_wconf 82' lang='lat' dir='ltr'><strong>semper</strong></span> <span class='ocrx_word' id='word_1_48' title='bbox 1117 1563 1353 1627; x_wconf 83' lang='lat' dir='ltr'><strong>imbres</strong></span> <span class='ocrx_word' id='word_1_49' title='bbox 1395 1562 1671 1628; x_wconf 91' lang='lat' dir='ltr'><strong>nubibus</strong></span> <span class='ocrx_word' id='word_1_50' title='bbox 1714 1560 2002 1660; x_wconf 87' lang='lat' dir='ltr'><strong>hispidos</strong></span> 
     </span>
     <span class='ocr_line' id='line_1_17' title="bbox 638 1645 1958 1732; baseline -0.002 -18"><span class='ocrx_word' id='word_1_51' title='bbox 638 1649 907 1714; x_wconf 85' lang='lat' dir='ltr'><strong>Manant</strong></span> <span class='ocrx_word' id='word_1_52' title='bbox 948 1670 1018 1711; x_wconf 86' lang='lat' dir='ltr'><strong>m</strong></span> <span class='ocrx_word' id='word_1_53' title='bbox 1059 1668 1249 1732; x_wconf 85' lang='lat' dir='ltr'><strong>agros</strong></span> <span class='ocrx_word' id='word_1_54' title='bbox 1293 1648 1404 1711; x_wconf 91' lang='lat' dir='ltr'><strong>aut</strong></span> <span class='ocrx_word' id='word_1_55' title='bbox 1443 1668 1616 1712; x_wconf 88' lang='lat' dir='ltr'><strong>mare</strong></span> <span class='ocrx_word' id='word_1_56' title='bbox 1661 1645 1958 1730; x_wconf 80' lang='lat' dir='ltr'><strong>Casplum</strong></span> 
     </span>
     <span class='ocr_line' id='line_1_18' title="bbox 725 1730 1726 1814; baseline -0.004 -16"><span class='ocrx_word' id='word_1_57' title='bbox 725 1732 981 1799; x_wconf 83' lang='lat' dir='ltr'><strong>Vexant</strong></span> <span class='ocrx_word' id='word_1_58' title='bbox 1019 1730 1382 1814; x_wconf 82' lang='lat' dir='ltr'><strong>inaequales</strong></span> <span class='ocrx_word' id='word_1_59' title='bbox 1411 1730 1726 1814; x_wconf 82' lang='lat' dir='ltr'><strong>procellae</strong></span> 
     </span>
     <span class='ocr_line' id='line_1_19' title="bbox 810 1814 1905 1898; baseline -0.003 -17"><span class='ocrx_word' id='word_1_60' title='bbox 810 1815 1057 1898; x_wconf 89' lang='lat' dir='ltr'><strong>Vsque,</strong></span> <span class='ocrx_word' id='word_1_61' title='bbox 1100 1835 1221 1879; x_wconf 90' lang='lat' dir='ltr'><strong>nec</strong></span> <span class='ocrx_word' id='word_1_62' title='bbox 1263 1815 1587 1880; x_wconf 87' lang='lat' dir='ltr'><strong>Armeniis</strong></span> <span class='ocrx_word' id='word_1_63' title='bbox 1630 1815 1701 1877; x_wconf 91' lang='lat' dir='ltr'><strong>in</strong></span> <span class='ocrx_word' id='word_1_64' title='bbox 1744 1814 1872 1878; x_wconf 91' lang='lat' dir='ltr'><strong>oris</strong></span> <span class='ocrx_word' id='word_1_65' title='bbox 1884 1861 1905 1896; x_wconf 99' lang='lat'><strong>,</strong></span> 
     </span>
    </p>
   </div>
   <div class='ocr_carea' id='block_1_11' title="bbox 633 1983 2070 2153">
    <p class='ocr_par' dir='ltr' id='par_1_15' title="bbox 633 1983 2070 2153">
     <span class='ocr_line' id='line_1_20' title="bbox 639 1983 1801 2070; baseline -0.004 -19"><span class='ocrx_word' id='word_1_66' title='bbox 639 1986 866 2051; x_wconf 85' lang='lat' dir='ltr'><strong>Amice</strong></span> <span class='ocrx_word' id='word_1_67' title='bbox 906 1983 1132 2070; x_wconf 83' lang='lat' dir='ltr'><strong>Valgi,</strong></span> <span class='ocrx_word' id='word_1_68' title='bbox 1179 1987 1309 2049; x_wconf 88' lang='lat' dir='ltr'><strong>stat</strong></span> <span class='ocrx_word' id='word_1_69' title='bbox 1349 1983 1587 2069; x_wconf 81' lang='lat' dir='ltr'><strong>glacies</strong></span> <span class='ocrx_word' id='word_1_70' title='bbox 1628 1983 1801 2047; x_wconf 88' lang='lat' dir='ltr'><strong>iners</strong></span> 
     </span>
     <span class='ocr_line' id='line_1_21' title="bbox 633 2066 2070 2153; baseline -0.003 -17"><span class='ocrx_word' id='word_1_71' title='bbox 633 2071 887 2136; x_wconf 86' lang='lat' dir='ltr'><strong>Menses</strong></span> <span class='ocrx_word' id='word_1_72' title='bbox 928 2090 1045 2153; x_wconf 93' lang='lat' dir='ltr'><strong>per</strong></span> <span class='ocrx_word' id='word_1_73' title='bbox 1086 2089 1339 2151; x_wconf 91' lang='lat' dir='ltr'><strong>omnes,</strong></span> <span class='ocrx_word' id='word_1_74' title='bbox 1385 2069 1496 2131; x_wconf 88' lang='lat' dir='ltr'><strong>aut</strong></span> <span class='ocrx_word' id='word_1_75' title='bbox 1534 2066 1938 2151; x_wconf 83' lang='lat' dir='ltr'><strong>aquilonibus</strong></span> <span class='ocrx_word' id='word_1_76' title='bbox 2061 2147 2070 2152; x_wconf 22' lang='lat'><em>³</em></span> 
     </span>
    </p>
   </div>
   <div class='ocr_carea' id='block_1_12' title="bbox 720 2145 1759 2298">
    <p class='ocr_par' dir='ltr' id='par_1_16' title="bbox 720 2145 1759 2298">
     <span class='ocr_line' id='line_1_22' title="bbox 720 2145 1759 2234; baseline 0 -20"><span class='ocrx_word' id='word_1_77' title='bbox 720 2145 1113 2232; x_wconf 59' lang='lat' dir='ltr'><strong>Querquetvs</strong></span> <span class='ocrx_word' id='word_1_78' title='bbox 1126 2149 1420 2234; x_wconf 84' lang='lat' dir='ltr'><strong>Gargani</strong></span> <span class='ocrx_word' id='word_1_79' title='bbox 1460 2152 1759 2216; x_wconf 88' lang='lat' dir='ltr'><strong>laborant</strong></span> 
     </span>
     <span class='ocr_line' id='line_1_23' title="bbox 810 2233 1716 2298; baseline 0 0"><span class='ocrx_word' id='word_1_80' title='bbox 810 2233 901 2298; x_wconf 86' lang='lat' dir='ltr'><strong>Et</strong></span> <span class='ocrx_word' id='word_1_81' title='bbox 941 2233 1114 2296; x_wconf 88' lang='lat' dir='ltr'><strong>foliis</strong></span> <span class='ocrx_word' id='word_1_82' title='bbox 1157 2233 1500 2298; x_wconf 76' lang='lat' dir='ltr'><strong>viduantur</strong></span> <span class='ocrx_word' id='word_1_83' title='bbox 1544 2235 1716 2298; x_wconf 87' lang='lat' dir='ltr'><strong>orni:</strong></span> 
     </span>
    </p>
   </div>
   <div class='ocr_carea' id='block_1_13' title="bbox 635 2384 1982 2722">
    <p class='ocr_par' dir='ltr' id='par_1_17' title="bbox 635 2384 1982 2722">
     <span class='ocr_line' id='line_1_24' title="bbox 635 2384 1909 2469; baseline 0 -19"><span class='ocrx_word' id='word_1_84' title='bbox 635 2386 734 2450; x_wconf 85' lang='lat' dir='ltr'><strong>Tu</strong></span> <span class='ocrx_word' id='word_1_85' title='bbox 776 2405 1025 2467; x_wconf 88' lang='lat' dir='ltr'><strong>semper</strong></span> <span class='ocrx_word' id='word_1_86' title='bbox 1065 2404 1300 2469; x_wconf 83' lang='lat' dir='ltr'><strong>urgues</strong></span> <span class='ocrx_word' id='word_1_87' title='bbox 1342 2384 1660 2450; x_wconf 89' lang='lat' dir='ltr'><strong>flebilibus</strong></span> <span class='ocrx_word' id='word_1_88' title='bbox 1703 2385 1909 2450; x_wconf 85' lang='lat' dir='ltr'><strong>modis</strong></span> 
     </span>
     <span class='ocr_line' id='line_1_25' title="bbox 635 2467 1982 2554; baseline -0.002 -20"><span class='ocrx_word' id='word_1_89' title='bbox 635 2470 897 2553; x_wconf 82' lang='lat' dir='ltr'><strong>Mysten</strong></span> <span class='ocrx_word' id='word_1_90' title='bbox 938 2467 1331 2552; x_wconf 87' lang='lat' dir='ltr'><strong>ademptum,</strong></span> <span class='ocrx_word' id='word_1_91' title='bbox 1373 2490 1495 2534; x_wconf 86' lang='lat' dir='ltr'><strong>nec</strong></span> <span class='ocrx_word' id='word_1_92' title='bbox 1534 2469 1657 2533; x_wconf 74' lang='lat' dir='ltr'><strong>tibi</strong></span> <span class='ocrx_word' id='word_1_93' title='bbox 1696 2468 1982 2554; x_wconf 83' lang='lat' dir='ltr'><strong>Vespero</strong></span> 
     </span>
     <span class='ocr_line' id='line_1_26' title="bbox 729 2551 1714 2619; baseline -0.002 0"><span class='ocrx_word' id='word_1_94' title='bbox 729 2551 851 2619; x_wconf 87' lang='lat' dir='ltr'><strong>Sur</strong></span> <span class='ocrx_word' id='word_1_95' title='bbox 898 2555 1044 2617; x_wconf 87' lang='lat' dir='ltr'><strong>ente</strong></span> <span class='ocrx_word' id='word_1_96' title='bbox 1088 2552 1402 2618; x_wconf 81' lang='lat' dir='ltr'><strong>decedunt</strong></span> <span class='ocrx_word' id='word_1_97' title='bbox 1441 2554 1714 2618; x_wconf 89' lang='lat' dir='ltr'><strong>Amores</strong></span> 
     </span>
     <span class='ocr_line' id='line_1_27' title="bbox 811 2573 1877 2722; baseline 0.001 -21"><span class='ocrx_word' id='word_1_98' title='bbox 811 2573 951 2701; x_wconf 49' lang='lat' dir='ltr'><strong>1³?ae</strong></span> <span class='ocrx_word' id='word_1_99' title='bbox 992 2636 1282 2720; x_wconf 89' lang='lat' dir='ltr'><strong>rapidum</strong></span> <span class='ocrx_word' id='word_1_100' title='bbox 1326 2638 1614 2722; x_wconf 85' lang='lat' dir='ltr'><strong>fugiente</strong></span> <span class='ocrx_word' id='word_1_101' title='bbox 1658 2637 1877 2702; x_wconf 88' lang='lat' dir='ltr'><strong>solem.</strong></span> 
     </span>
    </p>
   </div>
   <div class='ocr_carea' id='block_1_14' title="bbox 635 2788 1923 3127">
    <p class='ocr_par' dir='ltr' id='par_1_18' title="bbox 635 2788 1923 3041">
     <span class='ocr_line' id='line_1_28' title="bbox 636 2788 1923 2854; baseline -0.001 0"><span class='ocrx_word' id='word_1_102' title='bbox 636 2790 728 2854; x_wconf 87' lang='lat' dir='ltr'><strong>At</strong></span> <span class='ocrx_word' id='word_1_103' title='bbox 767 2809 902 2852; x_wconf 89' lang='lat' dir='ltr'><strong>non</strong></span> <span class='ocrx_word' id='word_1_104' title='bbox 943 2790 1042 2852; x_wconf 89' lang='lat' dir='ltr'><strong>ter</strong></span> <span class='ocrx_word' id='word_1_105' title='bbox 1084 2808 1239 2854; x_wconf 80' lang='lat' dir='ltr'><strong>aevo</strong></span> <span class='ocrx_word' id='word_1_106' title='bbox 1283 2788 1541 2853; x_wconf 82' lang='lat' dir='ltr'><strong>functus</strong></span> <span class='ocrx_word' id='word_1_107' title='bbox 1584 2788 1923 2853; x_wconf 83' lang='lat' dir='ltr'><strong>amabilem</strong></span> 
     </span>
     <span class='ocr_line' id='line_1_29' title="bbox 635 2871 1885 2938; baseline -0.001 0"><span class='ocrx_word' id='word_1_108' title='bbox 635 2872 920 2938; x_wconf 82' lang='lat' dir='ltr'><strong>Ploravit</strong></span> <span class='ocrx_word' id='word_1_109' title='bbox 963 2893 1185 2937; x_wconf 91' lang='lat' dir='ltr'><strong>omnes</strong></span> <span class='ocrx_word' id='word_1_110' title='bbox 1226 2871 1647 2936; x_wconf 78' lang='lat' dir='ltr'><strong>Antilochum</strong></span> <span class='ocrx_word' id='word_1_111' title='bbox 1691 2894 1885 2938; x_wconf 84' lang='lat' dir='ltr'><strong>senex</strong></span> 
     </span>
     <span class='ocr_line' id='line_1_30' title="bbox 726 2956 1838 3041; baseline 0 -21"><span class='ocrx_word' id='word_1_112' title='bbox 726 2956 986 3039; x_wconf 92' lang='lat' dir='ltr'><strong>Annos,</strong></span> <span class='ocrx_word' id='word_1_113' title='bbox 1030 2977 1152 3021; x_wconf 90' lang='lat' dir='ltr'><strong>nec</strong></span> <span class='ocrx_word' id='word_1_114' title='bbox 1194 2956 1266 3019; x_wconf 91' lang='lat' dir='ltr'><strong>in</strong></span> <span class='ocrx_word' id='word_1_115' title='bbox 1311 2956 1499 3021; x_wconf 91' lang='lat' dir='ltr'><strong>ubem</strong></span> <span class='ocrx_word' id='word_1_116' title='bbox 1539 2958 1838 3041; x_wconf 89' lang='lat' dir='ltr'><strong>parentes</strong></span> 
     </span>
    </p>

    <p class='ocr_par' dir='ltr' id='par_1_19' title="bbox 813 3039 1880 3127">
     <span class='ocr_line' id='line_1_31' title="bbox 813 3039 1880 3127; baseline 0 -24"><span class='ocrx_word' id='word_1_117' title='bbox 813 3039 1077 3106; x_wconf 86' lang='lat' dir='ltr'><strong>Troilon</strong></span> <span class='ocrx_word' id='word_1_118' title='bbox 1119 3042 1230 3105; x_wconf 91' lang='lat' dir='ltr'><strong>aut</strong></span> <span class='ocrx_word' id='word_1_119' title='bbox 1324 3039 1588 3127; x_wconf 81' lang='lat' dir='ltr'><strong>hrygiae</strong></span> <span class='ocrx_word' id='word_1_120' title='bbox 1631 3060 1880 3105; x_wconf 89' lang='lat' dir='ltr'><strong>sorores</strong></span> 
     </span>
    </p>
   </div>
   <div class='ocr_carea' id='block_1_15' title="bbox 633 3188 1992 3441">
    <p class='ocr_par' dir='ltr' id='par_1_20' title="bbox 633 3188 1992 3441">
     <span class='ocr_line' id='line_1_32' title="bbox 633 3188 1874 3274; baseline -0.004 -17"><span class='ocrx_word' id='word_1_121' title='bbox 633 3190 894 3257; x_wconf 79' lang='lat' dir='ltr'><strong>Flevere</strong></span> <span class='ocrx_word' id='word_1_122' title='bbox 937 3212 1205 3274; x_wconf 85' lang='lat' dir='ltr'><strong>semper.</strong></span> <span class='ocrx_word' id='word_1_123' title='bbox 1295 3188 1536 3255; x_wconf 88' lang='lat' dir='ltr'><strong>Desine</strong></span> <span class='ocrx_word' id='word_1_124' title='bbox 1578 3190 1874 3254; x_wconf 87' lang='lat' dir='ltr'><strong>mollium</strong></span> 
     </span>
     <span class='ocr_line' id='line_1_33' title="bbox 634 3272 1992 3357; baseline -0.002 -18"><span class='ocrx_word' id='word_1_125' title='bbox 634 3275 920 3341; x_wconf 84' lang='lat' dir='ltr'><strong>Tandem</strong></span> <span class='ocrx_word' id='word_1_126' title='bbox 961 3274 1413 3357; x_wconf 86' lang='lat' dir='ltr'><strong>querellarum,</strong></span> <span class='ocrx_word' id='word_1_127' title='bbox 1457 3275 1525 3337; x_wconf 91' lang='lat' dir='ltr'><strong>et</strong></span> <span class='ocrx_word' id='word_1_128' title='bbox 1564 3272 1780 3357; x_wconf 84' lang='lat' dir='ltr'><strong>potius</strong></span> <span class='ocrx_word' id='word_1_129' title='bbox 1821 3291 1992 3336; x_wconf 80' lang='lat' dir='ltr'><strong>nova</strong></span> 
     </span>
     <span class='ocr_line' id='line_1_34' title="bbox 731 3357 1710 3441; baseline -0.004 -16"><span class='ocrx_word' id='word_1_130' title='bbox 731 3358 1075 3425; x_wconf 74' lang='lat' dir='ltr'><strong>Cantemus</strong></span> <span class='ocrx_word' id='word_1_131' title='bbox 1117 3357 1400 3441; x_wconf 86' lang='lat' dir='ltr'><strong>Augusti</strong></span> <span class='ocrx_word' id='word_1_132' title='bbox 1446 3359 1710 3441; x_wconf 87' lang='lat' dir='ltr'><strong>tropaea</strong></span> 
     </span>
    </p>
   </div>
   <div class='ocr_carea' id='block_1_16' title="bbox 821 3439 1937 3528">
    <p class='ocr_par' dir='ltr' id='par_1_21' title="bbox 821 3439 1937 3528">
     <span class='ocr_line' id='line_1_35' title="bbox 821 3439 1937 3528; baseline -0.001 -21"><span class='ocrx_word' id='word_1_133' title='bbox 821 3440 1106 3507; x_wconf 83' lang='lat' dir='ltr'><strong>Caesaris</strong></span> <span class='ocrx_word' id='word_1_134' title='bbox 1150 3444 1216 3504; x_wconf 90' lang='lat' dir='ltr'><strong>et</strong></span> <span class='ocrx_word' id='word_1_135' title='bbox 1255 3439 1536 3526; x_wconf 83' lang='lat' dir='ltr'><strong>rigidum</strong></span> <span class='ocrx_word' id='word_1_136' title='bbox 1577 3440 1937 3528; x_wconf 87' lang='lat' dir='ltr'><strong>Niphaten,</strong></span> 
     </span>
    </p>
   </div>
  </div>
 </body>
</html>
