2514 3950
250 178 305 232 X
899 176 1402 232 PROLEGOMEN
1404 178 1468 231 A.

243 325 458 404 pertae
519 321 1001 400 maleominatis;
1048 322 1150 386 vel
1199 321 1590 406 discerptum
1634 322 1704 386 in
1749 321 1906 386 duas
1943 324 2163 406 partes

253 431 304 474 c.
349 427 395 492 1,
443 411 501 474 7.
1989 412 2006 431 ⁹

386 497 645 562 Talium
688 499 997 564 vitiorum
1051 497 1119 561 in
1165 497 1446 562 editione
1491 499 1757 581 minore,
1804 520 1967 582 quae
2017 501 2165 564 ante

254 608 494 669 paucos
541 609 793 652 menses
838 586 1099 672 prodiit,
1143 607 1298 671 pars
1334 590 1641 671 correcta,
1685 608 1838 672 pars
1879 590 2167 670 servata3

257 695 330 739 ac
372 696 545 740 nova
591 675 861 740 subinde
907 676 1142 740 addita.
1357 696 1364 701 ·
2084 682 2088 683 ’

386 762 524 828 Nec
551 764 762 828 minus
791 764 860 828 in
889 764 1213 829 codicibus
1234 762 1653 827 aestimandis
1675 759 1881 847 (velut
1905 760 2167 826 Blandi-

255 851 512 917 niorum
568 853 809 917 omissa
869 853 1130 916 omnino
1191 850 1594 936 testimonia)
1651 856 1718 915 et
1770 851 1839 914 in
1898 850 2168 933 reliquis

261 940 493 1004 officiis
542 940 751 1006 critici
796 941 1139 1026 fungendis
1179 939 1401 1004 eadem
1445 961 1601 1003 usus
1650 943 1751 1004 est
1779 939 2073 1004 socordia
2098 939 2167 1001 in

256 1029 378 1093 hac
425 1028 705 1111 editione
753 1033 947 1113 atque
992 1030 1061 1093 in
1105 1028 1339 1114 priore.

391 1117 607 1200 Atque
654 1117 813 1182 haec
859 1139 980 1204 ego
1028 1117 1288 1203 longius
1335 1116 1777 1201 persequenda
1823 1115 1990 1197 duxi,
2036 1136 2170 1179 non

257 1203 505 1269 Kelleri
551 1227 746 1271 causa
795 1242 872 1253 —
922 1207 1031 1271 vix
1076 1207 1246 1270 enim
1295 1209 1466 1270 esset
1510 1204 1681 1269 tanti
1717 1240 1822 1289 —,
1861 1204 1971 1268 sed
2017 1202 2171 1287 quia

258 1294 442 1358 video
489 1294 663 1359 haud
706 1317 949 1380 paucos
993 1295 1064 1359 in
1108 1294 1455 1358 Germania
1502 1293 1726 1357 doctos
1772 1314 1850 1356 ea
1892 1292 2025 1355 iam
2070 1291 2168 1354 uti

257 1382 609 1467 pravitate,
663 1387 739 1447 ut
789 1384 1145 1467 neglegant
1196 1380 1566 1445 Bentleium
1621 1383 1688 1444 et
1733 1382 2170 1461 contemnant,

259 1492 405 1534 cum
449 1474 685 1534 natura
730 1492 960 1554 parum
1007 1470 1139 1533 sint
1170 1469 1331 1534 facti
1360 1469 1440 1532 ad
1469 1467 1977 1553 intellegendum
2005 1489 2170 1550 eum,

258 1558 494 1622 nedum
543 1557 625 1621 ad
661 1558 1151 1622 aestimandum.
1232 1557 1483 1640 Nempe
1529 1557 1605 1619 de
1651 1554 1949 1621 Bentleio
1996 1559 2169 1620 recte

257 1646 540 1710 iudicare
588 1650 655 1709 et
695 1646 823 1710 fuit
869 1667 1122 1730 semper
1163 1649 1230 1709 et
1267 1644 1391 1709 erit
1425 1644 1762 1709 hominum
1798 1666 2169 1728 paucorum.

259 1733 561 1798 Dandum
624 1734 691 1797 id
743 1734 978 1798 honori
1031 1732 1440 1816 Germaniae,
1506 1755 1668 1817 quae
1734 1733 1892 1798 olim
1950 1733 2171 1817 plures

261 1822 417 1885 tulit
461 1821 743 1886 Bentleii
803 1822 1226 1886 admiratores
1275 1826 1340 1886 et
1386 1825 1739 1886 sectatores
1787 1843 1981 1905 quam
2025 1821 2172 1904 ipsa

259 1909 634 1994 Britannia,
690 1932 978 1995 quaeque
1026 1911 1182 1975 adeo
1231 1910 1422 1975 debet
1466 1908 1763 1974 Bentleio
1809 1908 2172 1973 studiorum

260 1999 643 2064 Latinorum
689 2000 848 2065 belli
892 2000 1267 2066 tricennalis
1323 2000 1694 2065 calamitate
1742 1998 2171 2070 extinctorum

258 2088 502 2152 factam
547 2090 803 2154 saeculo
834 2090 1163 2174 superiore
1189 2088 1687 2153 restitutionem.
1753 2086 1976 2152 Sciant
2003 2089 2172 2150 exte-

261 2199 481 2240 rarum
529 2178 820 2261 gentium
867 2178 1058 2260 docti,
1108 2199 1382 2260 quorum
1427 2198 1549 2239 usu
1592 2176 1752 2240 haec
1798 2175 1995 2239 editio
2041 2195 2175 2238 non

263 2264 476 2328 minus
521 2264 756 2328 teritur
793 2286 989 2348 quam
1025 2264 1513 2341 Germanorum,
1549 2263 1621 2326 in
1647 2261 1995 2327 Germania
2029 2282 2172 2325 esse

262 2352 476 2417 locum
533 2353 729 2417 etiam
777 2353 896 2438 eis,
943 2353 1054 2437 qui
1108 2353 1177 2416 in
1237 2350 1593 2416 tractandis
1652 2351 1863 2434 poetis
1919 2349 2171 2413 Latinis

264 2441 394 2505 alia
452 2440 559 2505 via
616 2445 887 2506 utantur
942 2463 1017 2505 ac
1072 2441 1325 2505 ratione
1381 2461 1575 2522 quam
1620 2436 1894 2520 Kelleri,
1952 2438 2173 2522 Riesii,

263 2528 632 2614 Fritzschii,
689 2551 898 2613 neque
958 2529 1138 2593 desse
1198 2528 1311 2612 qui
1363 2528 1433 2592 in
1490 2526 1828 2592 iudicando
1873 2525 2171 2591 Bentleio

262 2617 662 2682 Lachmanni
699 2622 765 2682 et
791 2617 1098 2682 Meinekii
1126 2620 1478 2701 sequantur
1508 2616 1888 2700 exemplum.
1946 2615 2172 2699 Neque

265 2706 436 2770 enim
474 2706 798 2789 timemuS,
832 2706 1061 2788 nequis
1100 2727 1175 2769 ea
1211 2704 1645 2787 veneratione,
1683 2725 1877 2787 quam
1909 2705 2170 2770 εἰδωλο-

265 2794 562 2873 λατρείαν
599 2798 834 2860 vocant
881 2793 1138 2877 Graeci,
1182 2791 1550 2857 Bentleium
1598 2815 1637 2857 a
1682 2793 1869 2857 nobis
1918 2792 2044 2857 coli
2081 2792 2174 2855 in-

263 2887 497 2967 crepet.

396 2970 699 3036 Alterum
753 2971 823 3035 in
882 2970 1231 3036 Germania
1290 2972 1469 3034 extat
1524 2990 1725 3053 genus
1786 2969 2174 3049 criticorum,

265 3058 377 3142 qui
429 3059 694 3144 perinde
751 3063 970 3144 spreto
1015 3058 1298 3124 Bentleii
1343 3058 1666 3143 exemplo,
1711 3057 1861 3122 dum
1906 3058 2173 3121 humum

262 3148 495 3231 vitant,
538 3149 743 3212 nubes
790 3151 857 3212 et
900 3147 1119 3212 inania
1155 3150 1451 3232 captant3
1497 3168 1770 3230 quorum
1808 3137 1961 3210 sunt
1994 3143 2177 3209 velut

265 3235 561 3323 signiferi
616 3235 972 3321 GruppiuS,
1025 3236 1447 3319 Ribbeckius,
1500 3234 1825 3299 LehrsiuS.
1914 3231 2013 3297 De
2070 3231 2178 3295 his

266 3325 419 3408 quid
474 3325 837 3390 existimem
893 3347 1037 3390 cum
1093 3325 1254 3389 satis
1303 3324 1390 3387 sit
1417 3326 1695 3404 notum,
1748 3321 1909 3385 utile
1955 3325 2179 3385 tamen

266 3413 565 3478 existimo
604 3414 835 3478 addere
866 3435 1030 3497 quae
1057 3412 1424 3497 Madvigius
1455 3410 1681 3474 scribit
1709 3408 1787 3473 de
1818 3408 2176 3475 Ribbeckio
