2514 3950
228 184 364 240 VIII
896 182 1470 240 PROLEGOMENA.

231 329 348 414 qui
418 332 556 392 tam
630 326 933 412 pauperis
1007 327 1251 412 ingenii
1326 328 1710 394 documenta
1774 329 2021 393 dederit
2081 330 2152 393 in

232 417 563 483 codicibus
601 416 862 481 Horatii
907 416 1347 501 aestimandis,
1393 417 1713 482 sustineat
1751 418 2012 483 obviam
2056 417 2151 481 irc

236 506 348 590 eiS‚
396 507 508 590 qui
554 505 686 570 alia
730 526 932 588 eaque
978 505 1189 590 magis
1235 504 1569 570 fructuosa
1614 507 1721 570 via
1770 510 2039 570 utantur
2082 506 2153 570 in

236 595 500 678 scriptis
537 592 800 659 Horatii
846 593 1262 657 emendandis
1311 615 1506 677 quam
1551 594 1710 679 ipse.
1790 593 1971 658 Idem
2008 616 2152 679 pro-

237 682 418 746 misit
462 681 646 746 brevi
693 703 761 747 se
808 682 1402 747 demonstraturum
1444 720 1521 730 -
1559 683 1729 767 quod
1776 704 1930 748 sane
1974 681 2154 746 factu

234 775 339 834 est
400 769 788 835 facillimum
857 807 934 816 —
1001 793 1196 854 quam
1253 771 1386 835 sint
1438 771 1697 856 ineptae
1757 775 1823 835 et
1878 770 2152 836 ficticiae

238 860 479 923 classes
535 859 690 923 illae
746 858 1063 942 codicum,
1119 880 1281 942 quas
1326 857 1624 924 Kellerus
1672 859 1799 923 sibi
1843 859 2018 923 visus
2067 858 2154 922 sit

236 946 579 1012 invenisse.
645 946 1005 1011 Audiamus
1033 950 1273 1032 tamen,
1311 969 1438 1032 quo
1474 970 1613 1012 rem
1652 948 1925 1012 deducat
1962 947 2151 1012 idem.

237 1034 362 1110 Qui
408 1040 756 1118 postquam
804 1036 967 1099 dixit
1013 1039 1165 1100 ante
1211 1037 1431 1101 omnia
1474 1037 1541 1101 id
1591 1035 2025 1120 efficiendum,
2080 1039 2154 1099 ut

237 1124 496 1188 collatis
552 1124 879 1189 codicibus
926 1124 1074 1189 aliis
1121 1125 1455 1208 classium,
1499 1147 1660 1210 quas
1706 1125 1973 1207 invenit,
2020 1124 2154 1188 sive

237 1212 439 1276 trium
495 1212 630 1276 sive
687 1212 957 1277 duarum
1015 1215 1376 1279 accuratius
1433 1236 1625 1297 quam
1674 1235 1843 1279 nunc
1888 1233 2156 1299 cognos-

237 1304 468 1365 cantur
514 1301 857 1384 lectioneS,
915 1302 1007 1364 eis
1056 1302 1165 1384 qui
1220 1302 1429 1366 functi
1472 1300 1717 1365 fuerint
1762 1302 1886 1365 hoc
1931 1301 2156 1364 labore

237 1389 571 1473 promittit
625 1388 981 1472 praemium
1043 1388 1374 1453 sollertiae
1419 1393 1557 1454 tam
1604 1389 2030 1471 luculentum,
2082 1390 2157 1452 ut

238 1479 384 1560 ipsa
401 1477 603 1541 verba
631 1476 767 1540 eius
796 1477 1030 1540 melius
1060 1477 1146 1541 sit
1174 1498 1516 1561 apponere,
1542 1499 1624 1541 ne
1642 1476 1915 1542 illudere
1935 1476 2158 1541 videar

239 1565 611 1630 lectoribus,
709 1564 940 1648 Itaque
996 1587 1078 1628 m.
1141 1564 1266 1628 Rh.
1333 1583 1595 1646 XXX111,
1664 1566 1787 1630 127
1851 1565 2158 1651 leguntur

238 1653 424 1718 haec:
474 1653 642 1717 ‘Bei
689 1653 1318 1736 unparteiischer
1354 1653 1791 1740 Erw’agung
1838 1654 1966 1719 der
2005 1654 2158 1718 cin·

240 1742 511 1805 zelnen
538 1741 913 1805 Lesarten
938 1741 1124 1804 wird
1164 1741 1328 1805 sich
1358 1741 1556 1806 dann
1592 1743 1944 1827 ergeben,
1982 1743 2157 1806 dass

240 1851 473 1894 unser
532 1829 890 1893 friiherer
950 1827 1385 1893 Grundsatz
1446 1831 1635 1895 auch
1690 1831 1919 1895 heute
1963 1829 2159 1894 noch

242 1918 536 2003 richtig
583 1917 714 2001 ist,
762 1916 937 1983 dass
983 1917 1328 1983 namlich
1371 1919 1453 1983 in
1497 1919 1627 1984 der
1664 1917 1906 2004 Regel
1954 1918 2073 1982 (116
2108 1916 2159 1982 Ι.

241 2007 391 2071 1111(1
445 2006 562 2071 ΙΙΙ.
611 2004 880 2071 Classe
936 2029 1368 2073 zusammen
1422 2029 1668 2095 gegen
1715 2008 1834 2072 die
1880 2008 1993 2090 II.‚
2040 2007 2158 2070 die

240 2095 324 2161 ΙΙ.
372 2096 520 2160 und
564 2095 680 2160 III.
727 2118 1157 2161 zusammen
1206 2115 1449 2181 gegen
1486 2097 1605 2161 die
1650 2097 1701 2162 Ι.
1747 2097 1898 2161 1111(1
1944 2096 2160 2177 auch,

242 2188 452 2249 trotz
498 2183 861 2248 mancher
909 2184 1426 2267 Ausnahmen‚
1473 2185 1592 2248 die
1638 2184 1689 2249 Ι.
1725 2185 1873 2249 1111(1
1917 2183 2001 2248 ΙΙ.
2039 2207 2159 2247 zu·

245 2293 584 2337 sammen
613 2292 857 2356 gegen
896 2272 1016 2335 die
1052 2270 1170 2335 III.
1198 2270 1445 2336 Recht
1480 2272 1779 2336 haben'.
1838 2271 2160 2356 Egregiae

243 2382 510 2445 prorsus
557 2360 889 2424 sollertiae
934 2359 1264 2424 hominem
1312 2364 1379 2423 et
1422 2360 1602 2425 velut
1649 2361 1926 2424 alterum
1975 2358 2161 2424 Cani·

124 2477 129 2482 ·
244 2449 444 2531 nium,
479 2455 580 2513 cui
625 2451 776 2533 post
826 2469 1144 2512 annorum
1190 2470 1394 2534 prope
1439 2467 1537 2513 XX
1573 2449 1858 2514 studium
1898 2452 1964 2513 et
1993 2449 2161 2513 codi-

246 2558 351 2601 ces
379 2536 642 2601 Horatii
668 2536 1045 2620 pervolutos
1065 2558 1269 2637 paene
1289 2536 1660 2603 innumeros
1681 2537 1946 2601 tandem
1967 2560 2162 2622 appa-

148 2665 157 2670 -
245 2625 396 2707 ruit,
444 2626 616 2709 quod
662 2646 884 2689 omnes
933 2626 1221 2689 omnium
1267 2630 1632 2710 temporum
1672 2626 1878 2692 critici
1913 2648 1995 2690 ne
2031 2647 2160 2689 uno

249 2676 508 2798 quidem
537 2712 753 2778 codice
780 2713 1072 2797 inspecto
1101 2713 1560 2778 intellexerant
1586 2736 1793 2799 neque
1818 2715 2161 2799 quisquam

249 2802 774 2884 addubitaverat‚
830 2802 943 2865 ubi
990 2801 1280 2866 diversae
1328 2807 1545 2867 extent
1593 2805 1949 2888 scripturae
1996 2802 2163 2867 codi-

248 2912 394 2955 cum
440 2890 981 2973 Horatianorum,
1024 2890 1417 2973 sequendum
1463 2892 1841 2976 plerumque
1890 2891 2164 2976 optimo-

209 3000 393 3045 ‘rum
438 2978 751 3043 maiorem
794 2980 1158 3043 numerum!

378 3067 574 3147 Eum,
631 3066 740 3151 qui
801 3070 990 3131 tanta
1034 3067 1331 3132 socordia
1374 3063 1501 3133 fust
1545 3069 1615 3132 in
1658 3070 1940 3154 propriis
1989 3069 2165 3134 adhi-

247 3156 475 3223 bendis
536 3156 859 3221 codicibus
869 3205 887 3239 ‚
948 3177 1076 3239 qua
1130 3156 1396 3232 tandem
1452 3158 1745 3222 sollertia
1790 3156 2163 3242 putabimus
2241 3231 2244 3232 γ

247 3265 438 3308 usum
505 3244 575 3309 in
633 3242 902 3329 Oruquii
967 3244 1095 3308 fide
1165 3248 1232 3310 et
1291 3246 1609 3311 librorum
1672 3244 2166 3310 Blandiniorum

250 3334 638 3398 auctoritate
686 3334 1132 3398 aestimanda?
1181 3331 1308 3397 Sed
1353 3335 1523 3398 enim
1570 3335 1648 3398 de
1693 3334 1815 3398 hac
1852 3356 1921 3398 re
1959 3333 2165 3399 denuo

251 3443 442 3507 agere
496 3444 628 3487 non
683 3428 782 3487 est
841 3424 911 3487 in
966 3422 1210 3507 animo,
1277 3444 1420 3487 cum
1480 3422 1865 3507 praesertim
1923 3444 2166 3507 poenas
