<?xml version="1.0" encoding="UTF-8"?>
<!DOCTYPE html PUBLIC "-//W3C//DTD XHTML 1.0 Transitional//EN"
    "http://www.w3.org/TR/xhtml1/DTD/xhtml1-transitional.dtd">
<html xmlns="http://www.w3.org/1999/xhtml" xml:lang="en" lang="en">
 <head>
  <title>
</title>
<meta http-equiv="Content-Type" content="text/html;charset=utf-8" />
  <meta name='ocr-system' content='tesseract 3.04.00' />
  <meta name='ocr-capabilities' content='ocr_page ocr_carea ocr_par ocr_line ocrx_word'/>
</head>
<body>
  <div class='ocr_page' id='page_1' title='image "./carmina00horagoog_0135.png"; bbox 0 0 2514 3950; ppageno 0'>
   <div class='ocr_carea' id='block_1_1' title="bbox 202 152 2116 242">
    <p class='ocr_par' dir='ltr' id='par_1_1' title="bbox 202 152 2116 242">
     <span class='ocr_line' id='line_1_1' title="bbox 202 152 2116 242; baseline -0.004 -18"><span class='ocrx_word' id='word_1_1' title='bbox 202 167 412 242; x_wconf 62' lang='grc' dir='ltr'><strong>ΠΜ]</strong></span> <span class='ocrx_word' id='word_1_2' title='bbox 993 163 1211 219; x_wconf 72' lang='lat' dir='ltr'><strong>mma</strong></span> <span class='ocrx_word' id='word_1_3' title='bbox 1249 163 1323 222; x_wconf 78' lang='lat'><strong>11.</strong></span> <span class='ocrx_word' id='word_1_4' title='bbox 2033 152 2116 218; x_wconf 78' lang='lat'><strong>47</strong></span> 
     </span>
    </p>
   </div>
   <div class='ocr_carea' id='block_1_2' title="bbox 1017 345 1285 422">
    <p class='ocr_par' dir='ltr' id='par_1_2' title="bbox 1017 345 1285 422">
     <span class='ocr_line' id='line_1_2' title="bbox 1017 345 1285 422; baseline 0.015 -4"><span class='ocrx_word' id='word_1_5' title='bbox 1017 345 1285 422; x_wconf 88' lang='lat' dir='ltr'><strong>XVIII.</strong></span> 
     </span>
    </p>
   </div>
   <div class='ocr_carea' id='block_1_3' title="bbox 351 478 1558 644">
    <p class='ocr_par' dir='ltr' id='par_1_3' title="bbox 351 478 1558 644">
     <span class='ocr_line' id='line_1_3' title="bbox 351 478 1259 561; baseline -0.006 -15"><span class='ocrx_word' id='word_1_6' title='bbox 351 478 508 546; x_wconf 87' lang='lat' dir='ltr'><strong>Non</strong></span> <span class='ocrx_word' id='word_1_7' title='bbox 550 479 706 545; x_wconf 91' lang='lat' dir='ltr'><strong>ebur</strong></span> <span class='ocrx_word' id='word_1_8' title='bbox 747 498 953 561; x_wconf 88' lang='lat' dir='ltr'><strong>neque</strong></span> <span class='ocrx_word' id='word_1_9' title='bbox 998 498 1259 542; x_wconf 87' lang='lat' dir='ltr'><strong>aureum</strong></span> 
     </span>
     <span class='ocr_line' id='line_1_4' title="bbox 437 560 1558 644; baseline -0.004 -16"><span class='ocrx_word' id='word_1_10' title='bbox 437 563 586 628; x_wconf 90' lang='lat' dir='ltr'><strong>Mea</strong></span> <span class='ocrx_word' id='word_1_11' title='bbox 626 562 878 628; x_wconf 73' lang='lat' dir='ltr'><strong>renidet</strong></span> <span class='ocrx_word' id='word_1_12' title='bbox 919 562 991 625; x_wconf 89' lang='lat' dir='ltr'><strong>in</strong></span> <span class='ocrx_word' id='word_1_13' title='bbox 1033 561 1222 625; x_wconf 89' lang='lat' dir='ltr'><strong>domo</strong></span> <span class='ocrx_word' id='word_1_14' title='bbox 1268 560 1558 644; x_wconf 82' lang='lat' dir='ltr'><strong>lacunar,</strong></span> 
     </span>
    </p>
   </div>
   <div class='ocr_carea' id='block_1_4' title="bbox 350 645 1661 796">
    <p class='ocr_par' dir='ltr' id='par_1_4' title="bbox 350 645 1661 796">
     <span class='ocr_line' id='line_1_5' title="bbox 350 645 1171 714; baseline -0.005 -1"><span class='ocrx_word' id='word_1_15' title='bbox 350 647 506 714; x_wconf 90' lang='lat' dir='ltr'><strong>Non</strong></span> <span class='ocrx_word' id='word_1_16' title='bbox 546 647 760 712; x_wconf 74' lang='lat' dir='ltr'><strong>trabes</strong></span> <span class='ocrx_word' id='word_1_17' title='bbox 804 645 870 710; x_wconf 90' lang='lat' dir='ltr'>H</span> <span class='ocrx_word' id='word_1_18' title='bbox 979 646 1171 710; x_wconf 74' lang='lat' dir='ltr'><strong>ettiae</strong></span> 
     </span>
     <span class='ocr_line' id='line_1_6' title="bbox 436 727 1661 796; baseline -0.003 0"><span class='ocrx_word' id='word_1_19' title='bbox 436 731 746 796; x_wconf 78' lang='lat' dir='ltr'><strong>Premunt</strong></span> <span class='ocrx_word' id='word_1_20' title='bbox 788 751 863 795; x_wconf 94' lang='lat' dir='ltr'><strong>co</strong></span> <span class='ocrx_word' id='word_1_21' title='bbox 890 750 1116 794; x_wconf 87' lang='lat' dir='ltr'><strong>umnas</strong></span> <span class='ocrx_word' id='word_1_22' title='bbox 1159 728 1386 793; x_wconf 75' lang='lat' dir='ltr'><strong>ultima</strong></span> <span class='ocrx_word' id='word_1_23' title='bbox 1426 727 1661 793; x_wconf 85' lang='lat' dir='ltr'><strong>recisas</strong></span> 
     </span>
    </p>
   </div>
   <div class='ocr_carea' id='block_1_5' title="bbox 352 864 2118 1199">
    <p class='ocr_par' dir='ltr' id='par_1_5' title="bbox 353 864 2118 1046">
     <span class='ocr_line' id='line_1_7' title="bbox 353 864 2118 949; baseline -0.005 -18"><span class='ocrx_word' id='word_1_24' title='bbox 353 865 604 949; x_wconf 81' lang='lat' dir='ltr'><strong>Africa,</strong></span> <span class='ocrx_word' id='word_1_25' title='bbox 647 886 730 930; x_wconf 90' lang='lat' dir='ltr'><strong>ne</strong></span> <span class='ocrx_word' id='word_1_26' title='bbox 774 886 854 930; x_wconf 89' lang='lat' dir='ltr'><strong>ue</strong></span> <span class='ocrx_word' id='word_1_27' title='bbox 897 864 1105 928; x_wconf 74' lang='lat' dir='ltr'><strong>Attali</strong></span> <span class='ocrx_word' id='word_1_28' title='bbox 2082 873 2118 923; x_wconf 75' lang='grc'>5</span> 
     </span>
     <span class='ocr_line' id='line_1_8' title="bbox 438 948 1601 1046; baseline -0.001 -33"><span class='ocrx_word' id='word_1_29' title='bbox 438 948 710 1035; x_wconf 60' lang='lat' dir='ltr'><strong>Ignotus</strong></span> <span class='ocrx_word' id='word_1_30' title='bbox 800 969 937 1013; x_wconf 89' lang='lat' dir='ltr'><strong>eres</strong></span> <span class='ocrx_word' id='word_1_31' title='bbox 980 948 1224 1046; x_wconf 77' lang='lat' dir='ltr'><strong>regiam</strong></span> <span class='ocrx_word' id='word_1_32' title='bbox 1269 948 1601 1031; x_wconf 82' lang='lat' dir='ltr'><strong>occupavi,</strong></span> 
     </span>
    </p>

    <p class='ocr_par' dir='ltr' id='par_1_6' title="bbox 352 1030 1770 1199">
     <span class='ocr_line' id='line_1_9' title="bbox 352 1030 1088 1099; baseline -0.004 -1"><span class='ocrx_word' id='word_1_33' title='bbox 352 1032 494 1099; x_wconf 86' lang='lat' dir='ltr'><strong>Nec</strong></span> <span class='ocrx_word' id='word_1_34' title='bbox 535 1032 884 1097; x_wconf 79' lang='lat' dir='ltr'><strong>Laconicas</strong></span> <span class='ocrx_word' id='word_1_35' title='bbox 926 1030 1088 1096; x_wconf 90' lang='lat' dir='ltr'><strong>mih1</strong></span> 
     </span>
     <span class='ocr_line' id='line_1_10' title="bbox 440 1115 1770 1199; baseline 0 -19"><span class='ocrx_word' id='word_1_36' title='bbox 440 1115 731 1180; x_wconf 67' lang='lat' dir='ltr'><strong>Trahunss</strong></span> <span class='ocrx_word' id='word_1_37' title='bbox 772 1115 1078 1180; x_wconf 74' lang='lat' dir='ltr'><strong>honestae</strong></span> <span class='ocrx_word' id='word_1_38' title='bbox 1122 1136 1435 1199; x_wconf 84' lang='lat' dir='ltr'><strong>purpuras</strong></span> <span class='ocrx_word' id='word_1_39' title='bbox 1480 1115 1770 1180; x_wconf 74' lang='lat' dir='ltr'><strong>clientae.</strong></span> 
     </span>
    </p>
   </div>
   <div class='ocr_carea' id='block_1_6' title="bbox 353 1251 2121 1586">
    <p class='ocr_par' dir='ltr' id='par_1_7' title="bbox 353 1251 2121 1586">
     <span class='ocr_line' id='line_1_11' title="bbox 353 1251 2018 1336; baseline -0.003 -19"><span class='ocrx_word' id='word_1_40' title='bbox 353 1252 448 1317; x_wconf 74' lang='lat' dir='ltr'><strong>At</strong></span> <span class='ocrx_word' id='word_1_41' title='bbox 487 1251 643 1315; x_wconf 89' lang='lat' dir='ltr'><strong>fides</strong></span> <span class='ocrx_word' id='word_1_42' title='bbox 688 1253 754 1315; x_wconf 73' lang='lat' dir='ltr'><strong>et</strong></span> <span class='ocrx_word' id='word_1_43' title='bbox 793 1251 1016 1336; x_wconf 85' lang='lat' dir='ltr'><strong>ingeni</strong></span> <span class='ocrx_word' id='word_1_44' title='bbox 2005 1288 2018 1293; x_wconf 77' lang='lat'>-</span> 
     </span>
     <span class='ocr_line' id='line_1_12' title="bbox 440 1333 2121 1432; baseline -0.001 -34"><span class='ocrx_word' id='word_1_45' title='bbox 440 1333 735 1432; x_wconf 79' lang='lat' dir='ltr'><strong>Benigna</strong></span> <span class='ocrx_word' id='word_1_46' title='bbox 775 1338 1027 1418; x_wconf 78' lang='lat' dir='ltr'><strong>venast‚</strong></span> <span class='ocrx_word' id='word_1_47' title='bbox 1070 1354 1536 1419; x_wconf 82' lang='lat' dir='ltr'><strong>pauperemque</strong></span> <span class='ocrx_word' id='word_1_48' title='bbox 1582 1333 1756 1399; x_wconf 79' lang='lat' dir='ltr'><strong>dives</strong></span> <span class='ocrx_word' id='word_1_49' title='bbox 2054 1346 2121 1396; x_wconf 80' lang='lat'><strong>10</strong></span> 
     </span>
     <span class='ocr_line' id='line_1_13' title="bbox 354 1418 1155 1503; baseline 0 -20"><span class='ocrx_word' id='word_1_50' title='bbox 354 1418 463 1483; x_wconf 91' lang='lat' dir='ltr'><strong>Me</strong></span> <span class='ocrx_word' id='word_1_51' title='bbox 504 1421 699 1503; x_wconf 69' lang='lat' dir='ltr'><strong>petit:</strong></span> <span class='ocrx_word' id='word_1_52' title='bbox 753 1418 920 1483; x_wconf 81' lang='lat' dir='ltr'><strong>nihil</strong></span> <span class='ocrx_word' id='word_1_53' title='bbox 962 1440 1155 1502; x_wconf 89' lang='lat' dir='ltr'><strong>supra</strong></span> 
     </span>
     <span class='ocr_line' id='line_1_14' title="bbox 438 1501 1750 1586; baseline 0 -20"><span class='ocrx_word' id='word_1_54' title='bbox 438 1501 613 1567; x_wconf 90' lang='lat' dir='ltr'><strong>Deos</strong></span> <span class='ocrx_word' id='word_1_55' title='bbox 655 1503 900 1568; x_wconf 86' lang='lat' dir='ltr'><strong>lacesso</strong></span> <span class='ocrx_word' id='word_1_56' title='bbox 942 1523 1062 1567; x_wconf 91' lang='lat' dir='ltr'><strong>nec</strong></span> <span class='ocrx_word' id='word_1_57' title='bbox 1103 1505 1432 1586; x_wconf 72' lang='lat' dir='ltr'><strong>potentem</strong></span> <span class='ocrx_word' id='word_1_58' title='bbox 1476 1502 1750 1567; x_wconf 89' lang='lat' dir='ltr'><strong>amicum</strong></span> 
     </span>
    </p>
   </div>
   <div class='ocr_carea' id='block_1_7' title="bbox 356 1636 2118 1972">
    <p class='ocr_par' dir='ltr' id='par_1_8' title="bbox 357 1636 1453 1787">
     <span class='ocr_line' id='line_1_15' title="bbox 357 1636 955 1723; baseline 0 -22"><span class='ocrx_word' id='word_1_59' title='bbox 357 1636 664 1723; x_wconf 86' lang='lat' dir='ltr'><strong>Largiora</strong></span> <span class='ocrx_word' id='word_1_60' title='bbox 701 1638 924 1723; x_wconf 77' lang='lat' dir='ltr'><strong>flagito</strong></span> <span class='ocrx_word' id='word_1_61' title='bbox 936 1687 955 1720; x_wconf 90' lang='lat'><em>,</em></span> 
     </span>
     <span class='ocr_line' id='line_1_16' title="bbox 445 1720 1453 1787; baseline 0 -1"><span class='ocrx_word' id='word_1_62' title='bbox 445 1721 615 1786; x_wconf 76' lang='lat' dir='ltr'><strong>Satis</strong></span> <span class='ocrx_word' id='word_1_63' title='bbox 658 1722 883 1787; x_wconf 66' lang='lat' dir='ltr'><strong>beabus</strong></span> <span class='ocrx_word' id='word_1_64' title='bbox 927 1721 1133 1786; x_wconf 90' lang='lat' dir='ltr'><strong>unicis</strong></span> <span class='ocrx_word' id='word_1_65' title='bbox 1179 1720 1453 1786; x_wconf 85' lang='lat' dir='ltr'><strong>Sabinis.</strong></span> 
     </span>
    </p>

    <p class='ocr_par' dir='ltr' id='par_1_9' title="bbox 356 1804 2118 1972">
     <span class='ocr_line' id='line_1_17' title="bbox 356 1804 2118 1887; baseline -0.001 -19"><span class='ocrx_word' id='word_1_66' title='bbox 356 1804 659 1870; x_wconf 76' lang='lat' dir='ltr'><strong>Truditur</strong></span> <span class='ocrx_word' id='word_1_67' title='bbox 703 1804 836 1869; x_wconf 87' lang='lat' dir='ltr'><strong>dies</strong></span> <span class='ocrx_word' id='word_1_68' title='bbox 881 1804 1012 1887; x_wconf 87' lang='lat' dir='ltr'><strong>die,</strong></span> <span class='ocrx_word' id='word_1_69' title='bbox 2055 1816 2118 1866; x_wconf 84' lang='lat'><strong>15</strong></span> 
     </span>
     <span class='ocr_line' id='line_1_18' title="bbox 439 1888 1657 1972; baseline -0.001 -18"><span class='ocrx_word' id='word_1_70' title='bbox 439 1888 504 1955; x_wconf 88' lang='lat' dir='ltr'>N</span> <span class='ocrx_word' id='word_1_71' title='bbox 506 1909 786 1971; x_wconf 85' lang='lat' dir='ltr'><strong>ovaeque</strong></span> <span class='ocrx_word' id='word_1_72' title='bbox 829 1891 1108 1972; x_wconf 74' lang='lat' dir='ltr'><strong>pergunt</strong></span> <span class='ocrx_word' id='word_1_73' title='bbox 1147 1889 1409 1953; x_wconf 73' lang='lat' dir='ltr'><strong>interire</strong></span> <span class='ocrx_word' id='word_1_74' title='bbox 1451 1889 1657 1953; x_wconf 87' lang='lat' dir='ltr'><strong>lunae.</strong></span> 
     </span>
    </p>
   </div>
   <div class='ocr_carea' id='block_1_8' title="bbox 356 2020 1721 2273">
    <p class='ocr_par' dir='ltr' id='par_1_10' title="bbox 356 2020 1721 2273">
     <span class='ocr_line' id='line_1_19' title="bbox 356 2020 1131 2087; baseline -0.004 0"><span class='ocrx_word' id='word_1_75' title='bbox 356 2020 456 2087; x_wconf 80' lang='lat' dir='ltr'><strong>Tu</strong></span> <span class='ocrx_word' id='word_1_76' title='bbox 500 2022 772 2086; x_wconf 83' lang='lat' dir='ltr'><strong>secanda</strong></span> <span class='ocrx_word' id='word_1_77' title='bbox 811 2042 1131 2085; x_wconf 86' lang='lat' dir='ltr'><strong>marmora</strong></span> 
     </span>
     <span class='ocr_line' id='line_1_20' title="bbox 442 2105 1721 2189; baseline 0.002 -20"><span class='ocrx_word' id='word_1_78' title='bbox 442 2105 645 2169; x_wconf 90' lang='lat' dir='ltr'><strong>Locas</strong></span> <span class='ocrx_word' id='word_1_79' title='bbox 691 2105 808 2170; x_wconf 86' lang='lat' dir='ltr'><strong>sub</strong></span> <span class='ocrx_word' id='word_1_80' title='bbox 852 2105 1064 2189; x_wconf 90' lang='lat' dir='ltr'><strong>ipsum</strong></span> <span class='ocrx_word' id='word_1_81' title='bbox 1105 2105 1297 2170; x_wconf 84' lang='lat' dir='ltr'><strong>funus</strong></span> <span class='ocrx_word' id='word_1_82' title='bbox 1342 2107 1407 2169; x_wconf 68' lang='lat' dir='ltr'><strong>el:</strong></span> <span class='ocrx_word' id='word_1_83' title='bbox 1447 2106 1721 2189; x_wconf 88' lang='lat' dir='ltr'><strong>sepulcri</strong></span> 
     </span>
     <span class='ocr_line' id='line_1_21' title="bbox 356 2188 1212 2273; baseline 0.001 -21"><span class='ocrx_word' id='word_1_84' title='bbox 356 2188 681 2254; x_wconf 87' lang='lat' dir='ltr'><strong>Inmemor</strong></span> <span class='ocrx_word' id='word_1_85' title='bbox 724 2190 916 2254; x_wconf 73' lang='lat' dir='ltr'><strong>struis</strong></span> <span class='ocrx_word' id='word_1_86' title='bbox 961 2188 1184 2253; x_wconf 88' lang='lat' dir='ltr'><strong>domos</strong></span> <span class='ocrx_word' id='word_1_87' title='bbox 1191 2238 1212 2273; x_wconf 89' lang='lat'><em>,</em></span> 
     </span>
    </p>
   </div>
   <div class='ocr_carea' id='block_1_9' title="bbox 441 2272 2123 2359">
    <p class='ocr_par' dir='ltr' id='par_1_11' title="bbox 441 2272 2123 2359">
     <span class='ocr_line' id='line_1_22' title="bbox 441 2272 2123 2359; baseline 0.001 -22"><span class='ocrx_word' id='word_1_88' title='bbox 441 2272 762 2358; x_wconf 86' lang='lat' dir='ltr'><strong>Marisque</strong></span> <span class='ocrx_word' id='word_1_89' title='bbox 803 2272 957 2339; x_wconf 90' lang='lat' dir='ltr'><strong>Bais</strong></span> <span class='ocrx_word' id='word_1_90' title='bbox 1001 2273 1430 2358; x_wconf 68' lang='lat' dir='ltr'><strong>obsizrepenfis</strong></span> <span class='ocrx_word' id='word_1_91' title='bbox 1472 2295 1705 2359; x_wconf 83' lang='lat' dir='ltr'><strong>urgues</strong></span> <span class='ocrx_word' id='word_1_92' title='bbox 2054 2288 2123 2339; x_wconf 85' lang='lat'><strong>20</strong></span> 
     </span>
    </p>
   </div>
   <div class='ocr_carea' id='block_1_10' title="bbox 304 2406 1616 2744">
    <p class='ocr_par' dir='ltr' id='par_1_12' title="bbox 304 2406 1616 2744">
     <span class='ocr_line' id='line_1_23' title="bbox 357 2406 1014 2492; baseline 0.002 -20"><span class='ocrx_word' id='word_1_93' title='bbox 357 2406 743 2474; x_wconf 83' lang='lat' dir='ltr'><strong>Submovere</strong></span> <span class='ocrx_word' id='word_1_94' title='bbox 788 2409 1014 2492; x_wconf 75' lang='lat' dir='ltr'><strong>litora,</strong></span> 
     </span>
     <span class='ocr_line' id='line_1_24' title="bbox 439 2491 1616 2577; baseline 0.001 -21"><span class='ocrx_word' id='word_1_95' title='bbox 439 2491 674 2557; x_wconf 86' lang='lat' dir='ltr'><strong>Parum</strong></span> <span class='ocrx_word' id='word_1_96' title='bbox 715 2493 1001 2577; x_wconf 88' lang='lat' dir='ltr'><strong>locuples</strong></span> <span class='ocrx_word' id='word_1_97' title='bbox 1045 2493 1416 2557; x_wconf 67' lang='lat' dir='ltr'><strong>continensse</strong></span> <span class='ocrx_word' id='word_1_98' title='bbox 1457 2492 1616 2576; x_wconf 85' lang='lat' dir='ltr'><strong>ripa.</strong></span> 
     </span>
     <span class='ocr_line' id='line_1_25' title="bbox 356 2575 1346 2673; baseline -0.001 -33"><span class='ocrx_word' id='word_1_99' title='bbox 356 2575 524 2652; x_wconf 79' lang='lat' dir='ltr'><strong>Quid</strong></span> <span class='ocrx_word' id='word_1_100' title='bbox 568 2576 737 2659; x_wconf 88' lang='lat' dir='ltr'><strong>quod</strong></span> <span class='ocrx_word' id='word_1_101' title='bbox 779 2597 978 2673; x_wconf 77' lang='lat' dir='ltr'><strong>usque</strong></span> <span class='ocrx_word' id='word_1_102' title='bbox 1021 2576 1346 2660; x_wconf 84' lang='lat' dir='ltr'><strong>proximos</strong></span> 
     </span>
     <span class='ocr_line' id='line_1_26' title="bbox 304 2659 1577 2744; baseline 0.001 -20"><span class='ocrx_word' id='word_1_103' title='bbox 304 2728 325 2740; x_wconf 61' lang='lat'>,</span> <span class='ocrx_word' id='word_1_104' title='bbox 440 2659 720 2725; x_wconf 86' lang='lat' dir='ltr'><strong>Revellis</strong></span> <span class='ocrx_word' id='word_1_105' title='bbox 764 2680 906 2744; x_wconf 85' lang='lat' dir='ltr'><strong>agn</strong></span> <span class='ocrx_word' id='word_1_106' title='bbox 947 2660 1254 2724; x_wconf 78' lang='lat' dir='ltr'><strong>terminos</strong></span> <span class='ocrx_word' id='word_1_107' title='bbox 1301 2664 1365 2725; x_wconf 72' lang='lat' dir='ltr'><strong>et</strong></span> <span class='ocrx_word' id='word_1_108' title='bbox 1406 2661 1577 2725; x_wconf 77' lang='lat' dir='ltr'><strong>ultra</strong></span> 
     </span>
    </p>
   </div>
   <div class='ocr_carea' id='block_1_11' title="bbox 353 2793 2120 3128">
    <p class='ocr_par' dir='ltr' id='par_1_13' title="bbox 355 2793 2120 2961">
     <span class='ocr_line' id='line_1_27' title="bbox 355 2793 2120 2859; baseline -0.001 -1"><span class='ocrx_word' id='word_1_109' title='bbox 355 2793 622 2859; x_wconf 71' lang='lat' dir='ltr'><strong>Limites</strong></span> <span class='ocrx_word' id='word_1_110' title='bbox 667 2793 996 2859; x_wconf 78' lang='lat' dir='ltr'><strong>clientium</strong></span> <span class='ocrx_word' id='word_1_111' title='bbox 2053 2807 2120 2857; x_wconf 81' lang='lat'><strong>25</strong></span> 
     </span>
     <span class='ocr_line' id='line_1_28' title="bbox 442 2875 1619 2961; baseline -0.002 -19"><span class='ocrx_word' id='word_1_112' title='bbox 442 2875 606 2943; x_wconf 85' lang='lat' dir='ltr'><strong>Salis</strong></span> <span class='ocrx_word' id='word_1_113' title='bbox 651 2900 876 2945; x_wconf 80' lang='lat' dir='ltr'><strong>avarus</strong></span> <span class='ocrx_word' id='word_1_114' title='bbox 889 2877 924 2943; x_wconf 82' lang='lat'><strong>⁴?</strong></span> <span class='ocrx_word' id='word_1_115' title='bbox 1006 2879 1277 2945; x_wconf 67' lang='lat' dir='ltr'><strong>Pellissur</strong></span> <span class='ocrx_word' id='word_1_116' title='bbox 1318 2882 1619 2961; x_wconf 75' lang='lat' dir='ltr'><strong>paternos</strong></span> 
     </span>
    </p>

    <p class='ocr_par' dir='ltr' id='par_1_14' title="bbox 353 2960 1687 3128">
     <span class='ocr_line' id='line_1_29' title="bbox 353 2960 1073 3028; baseline 0.003 -3"><span class='ocrx_word' id='word_1_117' title='bbox 353 2960 435 3025; x_wconf 95' lang='lat' dir='ltr'><strong>In</strong></span> <span class='ocrx_word' id='word_1_118' title='bbox 478 2962 624 3028; x_wconf 91' lang='lat' dir='ltr'><strong>sinu</strong></span> <span class='ocrx_word' id='word_1_119' title='bbox 665 2963 878 3027; x_wconf 86' lang='lat' dir='ltr'><strong>ferens</strong></span> <span class='ocrx_word' id='word_1_120' title='bbox 922 2962 1073 3027; x_wconf 90' lang='lat' dir='ltr'><strong>deos</strong></span> 
     </span>
     <span class='ocr_line' id='line_1_30' title="bbox 439 3043 1687 3128; baseline -0.001 -18"><span class='ocrx_word' id='word_1_121' title='bbox 439 3045 529 3110; x_wconf 75' lang='lat' dir='ltr'><strong>Et</strong></span> <span class='ocrx_word' id='word_1_122' title='bbox 568 3066 731 3111; x_wconf 83' lang='lat' dir='ltr'><strong>uxor</strong></span> <span class='ocrx_word' id='word_1_123' title='bbox 775 3050 841 3110; x_wconf 76' lang='lat' dir='ltr'><strong>et</strong></span> <span class='ocrx_word' id='word_1_124' title='bbox 881 3046 979 3110; x_wconf 84' lang='lat' dir='ltr'><strong>vir</strong></span> <span class='ocrx_word' id='word_1_125' title='bbox 1022 3043 1438 3128; x_wconf 85' lang='lat' dir='ltr'><strong>sordidosque</strong></span> <span class='ocrx_word' id='word_1_126' title='bbox 1479 3047 1687 3109; x_wconf 74' lang='lat' dir='ltr'><strong>natos·</strong></span> 
     </span>
    </p>
   </div>
   <div class='ocr_carea' id='block_1_12' title="bbox 357 3178 2123 3518">
    <p class='ocr_par' dir='ltr' id='par_1_15' title="bbox 357 3178 1091 3245">
     <span class='ocr_line' id='line_1_31' title="bbox 357 3178 1091 3245; baseline -0.003 0"><span class='ocrx_word' id='word_1_127' title='bbox 357 3178 555 3245; x_wconf 86' lang='lat' dir='ltr'><strong>Nulla</strong></span> <span class='ocrx_word' id='word_1_128' title='bbox 597 3181 832 3245; x_wconf 71' lang='lat' dir='ltr'><strong>certior</strong></span> <span class='ocrx_word' id='word_1_129' title='bbox 872 3183 1091 3245; x_wconf 60' lang='lat' dir='ltr'><strong>iamen</strong></span> 
     </span>
    </p>

    <p class='ocr_par' dir='ltr' id='par_1_16' title="bbox 357 3262 2123 3414">
     <span class='ocr_line' id='line_1_32' title="bbox 441 3262 2123 3347; baseline -0.002 -19"><span class='ocrx_word' id='word_1_130' title='bbox 441 3262 714 3347; x_wconf 86' lang='lat' dir='ltr'><strong>Rapacis</strong></span> <span class='ocrx_word' id='word_1_131' title='bbox 759 3264 893 3329; x_wconf 87' lang='lat' dir='ltr'><strong>orci</strong></span> <span class='ocrx_word' id='word_1_132' title='bbox 934 3264 1062 3328; x_wconf 88' lang='lat' dir='ltr'><strong>fine</strong></span> <span class='ocrx_word' id='word_1_133' title='bbox 1106 3264 1425 3329; x_wconf 70' lang='lat' dir='ltr'><strong>destinata</strong></span> <span class='ocrx_word' id='word_1_134' title='bbox 1565 3266 1567 3268; x_wconf 71' lang='grc'><strong><em>’</em></strong></span> <span class='ocrx_word' id='word_1_135' title='bbox 2056 3276 2123 3326; x_wconf 86' lang='grc' dir='ltr'><strong>3ο</strong></span> 
     </span>
     <span class='ocr_line' id='line_1_33' title="bbox 357 3346 1091 3414; baseline 0.001 -3"><span class='ocrx_word' id='word_1_136' title='bbox 357 3346 527 3411; x_wconf 87' lang='lat' dir='ltr'><strong>Aula</strong></span> <span class='ocrx_word' id='word_1_137' title='bbox 569 3347 829 3413; x_wconf 74' lang='lat' dir='ltr'><strong>divitem</strong></span> <span class='ocrx_word' id='word_1_138' title='bbox 873 3351 1091 3414; x_wconf 77' lang='lat' dir='ltr'><strong>manet</strong></span> 
     </span>
    </p>

    <p class='ocr_par' dir='ltr' id='par_1_17' title="bbox 438 3429 1939 3518">
     <span class='ocr_line' id='line_1_34' title="bbox 438 3429 1939 3518; baseline 0.001 -24"><span class='ocrx_word' id='word_1_139' title='bbox 438 3429 658 3495; x_wconf 81' lang='lat' dir='ltr'><strong>Erum.</strong></span> <span class='ocrx_word' id='word_1_140' title='bbox 734 3431 901 3507; x_wconf 82' lang='lat' dir='ltr'><strong>Quid</strong></span> <span class='ocrx_word' id='word_1_141' title='bbox 943 3434 1113 3499; x_wconf 76' lang='lat' dir='ltr'><strong>ultra</strong></span> <span class='ocrx_word' id='word_1_142' title='bbox 1154 3432 1411 3498; x_wconf 76' lang='lat' dir='ltr'><strong>tendis?</strong></span> <span class='ocrx_word' id='word_1_143' title='bbox 1487 3436 1711 3518; x_wconf 87' lang='lat' dir='ltr'><strong>Aequa</strong></span> <span class='ocrx_word' id='word_1_144' title='bbox 1751 3433 1939 3497; x_wconf 73' lang='lat' dir='ltr'><strong>tellus</strong></span> 
     </span>
    </p>
   </div>
  </div>
 </body>
</html>
