2514 3950
248 203 337 276 11.]
1067 200 1285 256 mma
1326 201 1395 258 11.
2048 191 2178 258 225

251 363 461 429 Verba
502 363 677 447 lyrae
720 365 974 427 motura
1016 382 1245 427 sonum
1291 365 1620 427 conectere
1664 361 1935 447 digner?

250 448 470 513 Frater
513 448 648 512 erat
689 446 932 511 Romae
978 446 1255 512 consulti
1297 445 1543 530 rhetor,
1588 448 1630 529 †
1650 448 1724 510 ut
1764 446 1924 510 alter

256 532 530 597 Alterius
575 551 865 596 sermone
907 551 1116 596 meros
1160 530 1408 596 audiret
1448 530 1757 613 honores,

251 615 574 682 Gracchus
618 618 691 679 ut
729 614 837 680 hic
879 615 1007 699 illi,
1054 615 1223 681 foret
1265 614 1416 679 huic
1458 617 1532 680 ut
1572 614 1821 680 Mucius
1863 613 1993 678 ille.

251 701 371 777 Qui
414 700 627 764 minus
669 702 931 785 argutos
973 703 1163 765 vexat
1203 700 1382 765 furor
1422 699 1544 764 iste
1631 697 1856 764 oetas?
2110 708 2181 761 90

250 784 548 852 Carmina
589 804 884 868 conpono
897 832 916 868 ‚
961 783 1067 850 hic
1111 785 1347 870 elegos.
1434 783 1603 848 Mira
1646 783 1732 850 ile
1772 782 1915 848 visu

250 868 700 953 caelatumque
719 890 953 934 novem
975 868 1178 933 Musis
1200 875 1393 953 opus!
1445 868 1727 952 Adspice
1754 867 2067 952 primum,·

250 953 501 1029 Quanto
547 974 693 1017 cum
731 953 936 1034 fastu,
1023 956 1219 1017 uanto
1263 952 1593 1017 molimine
1637 953 1875 1017 circum

251 1037 293 1102 S
341 1040 621 1102 ectemus
664 1056 933 1099 vacuam
1035 1037 1285 1100 omanis
1326 1036 1578 1100 vatibus
1622 1036 1871 1120 aedem3

322 1140 404 1184 ox
433 1119 646 1201 etiam,
693 1119 749 1183 si
789 1119 957 1183 forte
1000 1140 1206 1203 vacas,
1252 1140 1515 1203 sequere
1545 1121 1612 1183 et
1636 1119 1859 1201 procul
1903 1119 2068 1202 audi,
2113 1131 2180 1181 95

253 1202 419 1280 Quid
458 1202 628 1267 ferat
669 1204 735 1267 et
775 1223 971 1287 quare
1014 1203 1138 1267 sibi
1165 1205 1385 1268 nectat
1424 1205 1688 1300 uterque
1731 1223 2053 1268 coronam.

254 1287 592 1353 Caedimur
635 1289 701 1351 et
740 1287 1008 1352 totidem
1050 1288 1263 1373 plagis
1307 1307 1740 1353 consumimus
1782 1285 2035 1351 hostem

252 1372 455 1437 Lento
501 1371 817 1437 Samnites
860 1372 941 1436 ad
984 1371 1229 1436 lumina
1271 1372 1479 1456 prima
1521 1370 1755 1436 duello,

252 1456 531 1522 Discedo
575 1456 849 1520 Alcaeus
890 1458 1128 1539 puncto
1172 1456 1376 1542 illius3
1421 1456 1532 1520 ille
1574 1475 1718 1520 meo
1763 1455 1949 1538 quis?

253 1540 408 1617 Quis
449 1539 577 1605 nisi
620 1539 1097 1606 Callimachus?
1143 1541 1198 1605 si
1237 1542 1386 1625 plus
1431 1540 1773 1638 adposcere
1813 1539 2019 1622 visus,
2087 1550 2187 1601 100

252 1624 358 1691 Fit
398 1624 817 1690 Mimnermus
859 1627 926 1690 et
969 1625 1186 1710 optivo
1233 1645 1618 1711 cognomme
1663 1622 1911 1689 crescit.

251 1708 456 1774 Multa
497 1710 634 1775 fero
645 1759 664 1793 ‚
707 1711 782 1774 ut
821 1709 1069 1793 placem
1111 1731 1317 1795 genus
1359 1708 1683 1773 imitabile
1724 1710 1975 1791 vatum,

252 1793 416 1860 Cum
461 1795 668 1858 scribo
713 1795 780 1858 et
821 1794 1090 1890 supplex
1130 1794 1356 1877 populi
1396 1793 1702 1877 suffragia
1743 1795 1962 1876 capt03

250 1877 433 1943 Idem
475 1877 674 1940 finitis
718 1875 946 1940 studiis
991 1878 1057 1940 et
1096 1878 1312 1940 mente
1354 1879 1612 1959 recepta

255 1961 567 2027 Obturem
606 1959 863 2044 patulas
898 1959 1139 2044 inpune
1181 1959 1543 2047 legentibus
1574 1980 1775 2026 aures.
2089 1970 2186 2024 105

253 2045 570 2110 Ridentur
607 2044 782 2108 mala
823 2045 932 2128 qui
974 2047 1351 2129 conponunt
1392 2045 1699 2130 carmina3
1745 2065 1965 2109 verum

255 2127 556 2195 Gaudent
598 2128 947 2193 scribentes
991 2131 1058 2193 et
1098 2150 1167 2194 se
1206 2132 1593 2194 venerantur
1636 2131 1702 2194 et
1742 2130 1911 2194 ultro
1924 2178 1943 2213 ,

257 2212 328 2279 Si
370 2216 580 2278 taceas
594 2260 613 2296 ,
656 2212 923 2278 laudant
964 2212 1271 2297 quidquid
1315 2214 1623 2299 scripsere
1664 2213 1858 2278 beati.

254 2300 349 2363 At
391 2298 502 2382 qui
543 2297 902 2446 leffiffimum
944 2297 1160 2383 cupiet
1199 2298 1427 2363 fecisse
1469 2318 1731 2382 poema,

255 2381 423 2449 Cum
462 2382 575 2447 tab
649 2382 698 2446 ’s
741 2383 1025 2446 animum
1069 2383 1351 2447 censoris
1395 2385 1605 2446 sumet
1643 2381 1918 2447 honesti.
2090 2393 2190 2444 110

254 2466 567 2549 Audebit,
613 2487 1043 2550 quaecumque
1073 2487 1303 2550 parum
1332 2466 1691 2550 splendoris
1732 2466 2062 2531 habebunt

254 2549 347 2615 Et
375 2550 513 2614 sine
556 2549 836 2633 pondere
866 2551 1055 2614 erunt
1082 2552 1147 2614 et
1185 2549 1431 2615 honore
1458 2550 1730 2636 indigna
1756 2550 2061 2633 ferentur,

254 2633 474 2699 Verba
513 2654 770 2698 movere
813 2633 957 2698 loco
967 2682 986 2718 ‚
1032 2635 1321 2718 quamvis
1363 2635 1568 2699 invita
1608 2635 1911 2700 recedant

252 2718 347 2784 Et
386 2720 719 2783 versentur
761 2717 969 2783 adhuc
1009 2717 1179 2783 intra
1218 2720 1573 2803 penetralia
1613 2719 1881 2801 Vestae3

253 2803 617 2869 Obscurata
659 2802 767 2868 diu
808 2803 1049 2886 populo
1093 2803 1301 2868 bonus
1345 2806 1524 2867 eruet
1563 2806 1754 2884 atque
2092 2811 2188 2864 115

250 2887 550 2955 Proferet
588 2887 660 2951 in
701 2887 909 2952 lucem
951 2888 1242 2972 speciosa
1282 2886 1594 2951 vocabula
1632 2906 1845 2950 rerum
1859 2933 1878 2968 ‚

252 2972 432 3048 Quae
474 2971 703 3056 priscis
745 2974 1098 3036 memorata
1141 2968 1495 3035 Catonibus
1539 2971 1730 3053 atque
1760 2968 2059 3055 Cethegis

250 3055 449 3122 Nunc
492 3056 651 3121 situs
694 3055 989 3121 informis
1031 3054 1269 3139 premit
1310 3056 1375 3118 et
1417 3053 1668 3119 deserta
1706 3056 2020 3140 vetustas3

251 3139 594 3205 Adsciscet
634 3160 833 3223 nova,
880 3159 1041 3223 quae
1084 3137 1337 3224 genitor
1376 3139 1748 3237 produxerit
1789 3159 1962 3203 usus.

251 3221 539 3288 Vemens
580 3226 648 3289 et
687 3224 737 3288 li
780 3223 967 3289 uidus
1008 3243 1295 3307 puroque
1338 3223 1700 3288 simillimus
1745 3223 1921 3286 amni
2020 3304 2027 3307 μ
2091 3232 2192 3285 120

251 3305 513 3373 Fundet
554 3327 707 3391 opes
841 3309 1127 3391 tiumque
1169 3306 1389 3372 beabit
1430 3307 1624 3373 divite
1666 3307 1918 3392 lingua3

250 3390 676 3456 Luxuriantia
717 3394 1085 3477 conpescet,
1130 3391 1323 3458 nimis
1368 3412 1596 3476 aspera
1638 3411 1796 3457 sano

249 3474 529 3540 Levabit
570 3476 774 3561 cultu,
815 3477 1050 3544 virtute
1092 3476 1376 3543 carentia
1416 3477 1632 3561 tollet,

359 3575 620 3620 nomm
1821 3583 1885 3632 15
