2514 3950
386 176 594 230 XXXII
1054 175 1629 232 PROLEGOMENA.

385 325 606 387 Avieni
661 322 874 401 [descr.
924 325 1052 385 orb.
1101 322 1254 402 100]
1317 326 1410 385 hic
1463 326 1669 385 modus
1725 329 1808 386 est
1862 328 2017 386 orbis
2074 325 2299 388 Gaddir

384 415 617 491 pridem
667 414 841 474 docui
899 409 981 489 [d.
1026 433 1075 473 r.
1120 433 1197 474 m.
1250 410 1424 489 157].
1515 415 1598 473 Et
1640 414 1771 490 ipse
1813 413 2102 474 Horatius
2146 416 2298 475 infra.

385 505 554 563 nulla
598 505 803 563 certior
844 507 1037 563 tamen
1078 505 1320 576 rapacis
1358 501 1497 562 Orci
1539 504 1658 574 fine
1699 503 1989 563 decimata
2029 504 2175 564 (mla
2218 505 2297 564 di·

385 595 557 652 vitem
598 595 807 651 manet.

523 683 589 759 6,
645 681 727 739 18
786 683 838 738 et
892 680 1115 738 amicus
1167 675 1369 738 Aulon
1420 679 1600 751 fertili
1651 678 1903 739 Baccha
2003 678 2104 738 Ita
2156 679 2295 753 cdd„

386 787 535 829 corr.
579 768 657 828 N.
703 767 1005 827 Heinsius.
1083 765 1354 827 Bacchus
1402 767 1560 827 enim
1604 767 1702 827 hie
1744 787 1855 844 pro
1898 767 2026 829 vite
2070 766 2299 842 dicitur,

385 860 457 916 ut
501 874 706 932 saepe,
762 855 981 914 fertilis
1026 857 1232 915 autem
1275 855 1419 916 vitis
1465 858 1537 914 ut
1580 856 1726 917 alibi
1770 857 2022 929 fecunda
2062 858 2198 916 vitis
2239 860 2300 916 et

385 950 594 1019 seyetes
618 940 855 1019 feraces.
898 943 997 1001 Ita
1023 945 1184 1020 apud
1210 944 1459 1004 Florum
1483 962 1525 1020 1,
1566 947 1643 1003 11
1677 945 1769 1004 ed.
1786 944 1954 1004 Iahn-
1985 961 2123 1003 oum
2148 944 2298 1005 libro

385 1033 721 1093 Nazariano
788 1033 1112 1109 legendum
1182 1033 1276 1092 hic
1342 1035 1539 1093 amicti
1598 1035 1811 1094 vitibus
1870 1037 2115 1101 montes,
2183 1052 2301 1094 non

387 1124 578 1189 amici,
624 1122 689 1180 id
735 1121 894 1197 quod
932 1121 1162 1196 placuit
1197 1120 1454 1196 Kellero,
1501 1123 1605 1197 qui
1649 1121 1858 1182 atssulit
1900 1123 2058 1181 hune
2092 1123 2300 1182 locum.

387 1211 614 1271 Contra
669 1209 822 1269 illud
884 1210 1044 1285 quod
1103 1210 1514 1286 reponendum
1574 1228 1706 1270 esse
1759 1212 2103 1270 stassuerunt
2152 1210 2301 1270 Ben-

385 1301 565 1359 tleius
613 1300 676 1358 et
721 1299 1054 1358 Meinekius
1103 1302 1341 1373 apricus
1375 1296 1592 1366 Aulon,
1638 1299 1850 1373 fertilis
1891 1298 2126 1359 Baccho
2168 1319 2300 1375 pro-

384 1392 522 1464 pter
575 1387 867 1463 geminati
927 1387 1179 1463 epitheti
1232 1385 1662 1463 inelegantiam
1705 1387 1854 1445 mihi
1900 1387 2141 1462 quidem
2182 1407 2299 1449 non

384 1479 690 1553 probabur.
1837 1486 1846 1494 ’

515 1584 586 1637 11,
635 1566 705 1641 8,
754 1566 790 1623 2
842 1563 1074 1622 Barim
1115 1564 1491 1638 corruptum,
1538 1560 1753 1623 Carine
1795 1563 1876 1624 M.

519 1655 584 1724 8,
635 1654 672 1711 3
721 1668 837 1711 uno
882 1649 1036 1725 odd,
1080 1667 1227 1710 wnco
1271 1652 1435 1710 recte
1479 1650 1824 1711 Horkelius.

515 1760 587 1813 11,
640 1742 748 1811 1·1‚
799 1740 910 1814 23,
958 1739 1044 1796 24
1101 1741 1451 1813 incomptam
1501 1739 1814 1800 Lacaenae
1867 1756 2028 1800 more
2079 1756 2300 1800 comam

384 1832 628 1903 reliqata
664 1828 828 1886 nodo.
900 1825 997 1885 Ita
1032 1825 1102 1902 B,
1149 1830 1212 1885 et
1254 1827 1473 1903 probat
1515 1827 1596 1903 M,
1642 1829 1746 1903 qui
1789 1828 1966 1887 affert
2000 1828 2300 1904 Properiii

383 1918 533 1977 illud
589 1915 664 1974 de
718 1913 1004 1974 Lacaenis
1067 1911 1213 1991 [1111,
1274 1916 1383 1988 14,
1431 1912 1542 1992 28]
1599 1909 1718 1975 ‘est
1769 1934 1963 1993 neque
2003 1915 2300 1977 «odoratae

386 2025 529 2066 cura
572 2006 829 2065 molesta
873 1998 1118 2066 comae'.
1207 2003 1354 2064 Cdd.
1399 2005 1626 2065 habent
1671 2006 1889 2065 nodwm
1933 2009 1996 2065 et
2037 2007 2297 2081 exceptis

382 2095 587 2172 paucis
632 2097 1014 2167 incomptum,-
1058 2094 1376 2169 praeterea
1418 2094 1597 2152 multi
1643 2110 1853 2154 comas.

514 2201 579 2255 11,
611 2185 712 2254 12,
734 2184 825 2246 22
866 2186 971 2239 aut
991 2184 1235 2254 pinquis
1269 2180 1558 2254 Phrygiae
1592 2182 1948 2256 Myydonias
1982 2200 2131 2257 opes.
2190 2183 2301 2242 Mi·

382 2290 517 2328 rum
563 2287 753 2345 genus
800 2267 1033 2327 dicendi
1074 2285 1183 2327 nec
1226 2271 1434 2326 tamen
1477 2286 1724 2344 prorsus
1777 2270 2064 2347 exemplis
2119 2271 2302 2331 desii-

383 2362 601 2417 tutum.
690 2357 789 2415 Ita
841 2355 1141 2415 Homerus
1185 2356 1260 2415 11.
1303 2374 1377 2429 11,
1424 2356 1509 2415 54
1586 2353 1913 2437 Νεστορέῃ
1968 2355 2143 2433 παρὰ
2197 2357 2305 2436 νηὶ

382 2442 822 2517 Πυλοιγενέος
872 2442 1208 2518 βασιλῆος;
1259 2442 1368 2504 Od.
1404 2462 1486 2519 x1,
1528 2447 1656 2506 634
1700 2444 1800 2522 [cf.
1839 2451 1901 2506 et
1934 2447 2006 2506 Il.
2042 2466 2102 2526 v,
2138 2445 2300 2525 471]

385 2532 464 2608 μή
522 2549 625 2607 μοι
674 2526 974 2605 Γοργείην
1028 2528 1319 2605 κεφαλὴν
1366 2531 1606 2594 δεινοῖο
1653 2530 1979 2610 πελώρου;
2034 2535 2212 2595 Lucr.
2260 2556 2305 2610 1,

384 2623 515 2682 474
559 2622 720 2697 ignis
767 2619 1096 2679 Alexandri
1139 2620 1406 2697 Phrygio
1453 2622 1563 2682 sub
1610 2627 1853 2699 pectore
1896 2623 2177 2699 gliscens.

511 2729 577 2784 11,
627 2711 728 2785 13,
769 2709 868 2781 15,
918 2710 998 2768 16
1055 2708 1284 2769 Poenus
1330 2741 1407 2752 —
1457 2713 1617 2771 timet
1657 2712 1813 2784 cdd„
1859 2729 2010 2774 corr.
2054 2713 2306 2773 Lachm.

512 2818 577 2873 11,
618 2800 718 2874 16,
759 2798 842 2856 26
900 2801 954 2855 ct
996 2814 1207 2858 amara
1251 2799 1397 2858 lento
1434 2804 1702 2874 temperet
1743 2802 1887 2860 risu.
1957 2801 2112 2861 Leni
2146 2802 2308 2861 Ben-

381 2886 578 2945 tleius.
640 2885 758 2943 Sed
794 2886 955 2944 recte
993 2885 1262 2945 defendit
1293 2888 1610 2964 vulgatam
1638 2889 2158 2964 Zangemeisterus
2190 2886 2308 2965 [M.

379 2974 491 3033 Rh.
537 2991 740 3047 xv1111,
789 2975 915 3032 332
964 2971 1080 3050 sq.]
1135 2974 1339 3035 adlato
1387 2975 1686 3036 Ciceronis
1742 2978 1817 3035 de
1873 2980 2113 3038 oratore
2167 2979 2308 3039 loco

382 3058 472 3137 [11‚
523 3064 578 3136 6,
622 3058 777 3137 279]
829 3061 982 3122 ‘huic
1020 3066 1218 3137 qeneri
1262 3067 1433 3138 quasi
1476 3067 1833 3126 contrarium
1878 3071 1962 3125 est
2001 3067 2313 3127 ridiculi

377 3166 558 3223 yemis
589 3152 872 3224 patientis
915 3169 986 3211 ao
1030 3153 1220 3213 lenti.

510 3256 576 3314 11,
617 3240 718 3315 17,
758 3241 837 3297 21
881 3258 965 3317 sq.
1011 3245 1318 3313 utramque
1352 3245 1614 3301 nostrum
1649 3243 2061 3301 incredibili
2102 3246 2310 3304 modo

377 3329 652 3386 consem‘sit
695 3332 935 3388 astrum.
1007 3328 1263 3388 Perinde
1306 3329 1616 3389 humiliter
1662 3330 1887 3389 dictum
1925 3350 2008 3406 Π,
2054 3333 2118 3392 2:
2166 3336 2314 3407 apis

378 3415 650 3476 Matinae
683 3433 841 3477 more
872 3418 1163 3489 modoque.
