2514 3950
223 179 368 253 m]

1048 178 1266 233 LIBER
1305 178 1378 235 II.

431 339 497 408 N
500 362 571 406 ec
615 360 836 406 saevos
879 339 1183 425 Lapithas
1228 342 1294 404 et
1334 339 1603 404 nimium
1645 361 1821 404 mero

431 424 750 508 Hylaeum
793 363 1192 507 domitosque
1234 422 1553 487 Herculea
1592 445 1786 487 manu

435 507 708 573 Telluris
751 509 1009 574 iuvenes
1020 556 1039 591 ‚
1083 507 1252 572 unde
1343 508 1649 572 ericulum

526 592 809 677 Fulgens
855 592 1239 669 contremuit
1329 612 1511 655 omus

437 710 696 775 Saturni
736 710 999 775 veteris,
1063 712 1136 775 tu
1178 731 1260 807 ue
1349 708 1702 774 edestribus

435 792 628 859 Dices
669 793 957 859 historiis
1005 815 1160 877 proe
1210 815 1249 857 3
1348 792 1612 875 3883118,

435 877 801 961 Maecenas,
845 878 1072 943 melius
1116 878 1429 961 ductaque
1470 898 1586 961 per
1628 877 1762 942 vias

526 962 777 1047 Regum
822 962 988 1026 colla
1026 962 1395 1026 minacium.

438 1078 545 1143 Me
591 1079 808 1142 dulces
852 1078 1146 1142 dominae
1188 1078 1377 1142 Musa
1418 1077 1785 1161 Licymniae

439 1161 717 1245 CantuS,
757 1182 861 1225 me
903 1159 1109 1225 voluit
1151 1160 1358 1225 dicere
1401 1161 1682 1225 lucidum

607 1248 784 1310 entes
831 1245 1048 1310 oculos
1093 1247 1158 1309 et
1197 1244 1361 1309 bene
1404 1244 1641 1309 mutuis

589 1330 759 1394 dum
799 1332 1022 1414 pectus
1067 1328 1418 1393 amoribus·
1402 1379 1419 1414 ,

439 1448 643 1525 Quam
683 1469 804 1513 nec
846 1447 1012 1512 ferre
1053 1447 1284 1531 pedem
1326 1446 1619 1510 dedecuit
1661 1445 1869 1511 choris

435 1532 575 1599 Nec
619 1535 858 1597 certare
900 1532 1044 1595 ioco
1087 1552 1208 1595 nec
1252 1531 1402 1596 dare
1444 1529 1741 1595 bracchia

436 1615 789 1681 Ludentem
830 1615 1052 1680 nitidis
1095 1615 1455 1700 virginibus
1500 1634 1678 1679 sacro

528 1699 775 1765 Dianae
820 1700 1086 1765 celebris
1131 1699 1252 1764 die.

437 1817 612 1884 Num
653 1821 726 1881 tu
768 1839 926 1914 quae
969 1817 1179 1881 tenuit
1221 1815 1398 1880 dives
1440 1814 1881 1880 Achaemenes

439 1901 575 1964 Aut
613 1901 872 1985 pinguis
914 1900 1231 1998 Phrygiae
1272 1899 1655 1983 Mygdonias
1700 1920 1853 1984 opes

439 1983 807 2048 Permutare
849 1984 1007 2047 velis
1052 1984 1226 2047 crine
1270 1982 1636 2065 Licymniae

532 2066 765 2131 Plenas
810 2069 921 2131 aut
960 2066 1248 2131 Arabum
1293 2065 1545 2150 domoc,

440 2183 613 2248 Dum
654 2184 990 2269 flagrantia
1033 2184 1367 2267 detorquet
1409 2184 1490 2248 ad
1533 2186 1749 2249 oscula

444 2267 770 2334 Cervicem
779 2317 798 2352 ,
845 2271 954 2333 aut
996 2268 1171 2333 facili
1215 2268 1478 2333 saevitia
1519 2272 1744 2366 negat,

441 2351 616 2428 Quae
660 2355 965 2437 poscente
1008 2352 1215 2437 magis
1259 2352 1534 2437 gaudeat
1575 2354 1766 2437 eripi,
1833 2375 1838 2378 ·

531 2436 862 2501 Interdum
902 2457 1125 2520 rapere
1169 2440 1455 2520 occupat.

1088 2693 1283 2769 XHI.

441 2824 562 2889 Ille
606 2826 671 2889 et
709 2824 960 2890 nefasto
1003 2828 1069 2890 te
1112 2825 1330 2910 posuit
1374 2823 1505 2907 die,

443 2908 837 2992 Quicumque
877 2909 1201 3006 primum,
1232 2911 1298 2973 et
1340 2873 1651 2992 sacrilega
1691 2929 1885 2973 manu

532 2991 875 3089 Produxit2
919 2993 1137 3075 arbos,
1168 2993 1252 3055 111
1293 2994 1603 3076 nepotum

615 3040 973 3141 Perniclem
1017 3076 1551 3160 opprobriumque
1593 3076 1776 3163 pagi3

440 3193 633 3259 Illum
676 3196 742 3257 et
781 3193 1065 3291 parentis
1109 3193 1482 3258 crediderim
1526 3194 1625 3259 sui

440 3277 735 3363 Fregisse
779 3277 1088 3342 cervicem
1131 3280 1198 3343 et
1235 3278 1588 3361 penetralia

538 3361 855 3445 Sparsisse
897 3365 1210 3427 nocturno
1256 3383 1479 3427 cruore

616 3445 939 3531 Hospitis3
984 3447 1094 3512 ille
1138 3468 1382 3513 venena
1426 3446 1666 3513 Colcha

2070 171 2152 234 41

2093 804 2155 853 10

2090 1712 2159 1762 20
