2514 3950
241 154 378 226 xv]
1089 154 1321 211 LIBER.
2047 149 2171 214 119

1123 353 1280 428 XV.

242 485 389 553 Nox
433 486 568 550 erat
610 487 676 551 et
716 485 890 550 caelo
935 483 1225 570 fulgebat
1268 483 1451 548 Luna
1495 504 1717 549 sereno

323 569 503 635 Inter
543 570 793 634 minora
842 568 1081 652 sidera,

243 653 404 720 Cum
445 656 517 719 tu
529 703 549 738 ‚
591 674 972 739 magnorum
1012 674 1252 718 numen
1295 653 1546 718 laesura
1588 653 1851 717 deorum
1865 700 1885 736 ‚

322 738 403 803 In
445 739 639 804 verba
679 739 933 802 iurabas
975 759 1148 822 mea,

241 822 461 888 Artius
505 826 693 907 atque
735 822 971 887 hedera
1011 843 1278 908 procera
1320 822 1740 907 adstringitur
1781 822 1910 886 ilex
1924 869 1944 904 ‚
2137 833 2171 882 5

322 906 543 971 Lentis
588 906 940 971 adhaerens
982 905 1320 988 bracchiis,

239 989 411 1055 Dum
500 991 672 1054 ecori
713 990 921 1072 lupus,
945 992 1009 1053 et
1048 990 1263 1054 nautis
1306 989 1574 1054 infestus
1619 990 1819 1055 Orion

325 1013 637 1137 Turssaret
665 1072 1003 1136 hibernum
1044 1093 1250 1154 mare,

241 1157 668 1238 Intonsosque
713 1153 989 1240 agitaret
1016 1154 1342 1239 Apollinis
1385 1176 1539 1219 aura
1583 1156 1878 1241 capillos,

324 1239 490 1305 Fore
538 1239 712 1304 hunc
756 1259 1036 1304 amorem
1078 1243 1391 1305 mussuum.
2107 1254 2175 1305 ιο

241 1323 297 1390 Ο
342 1324 621 1389 dolitura
661 1345 805 1389 mea
845 1324 1119 1388 multtum
1160 1324 1394 1389 virtute
1437 1323 1715 1390 Neaera!

322 1408 389 1474 N
391 1430 494 1472 am
539 1408 747 1493 siquid
789 1408 861 1473 in
902 1406 1132 1474 Flacco
1176 1408 1362 1473 virist
1373 1457 1393 1492 ‚

238 1493 392 1560 Non
433 1493 599 1558 feret
642 1493 938 1558 adsiduas
980 1493 1218 1579 potiori
1259 1495 1325 1557 ize
1370 1493 1518 1557 dare
1560 1496 1782 1558 noctes
1792 1542 1812 1578 ‚

322 1577 412 1642 Et
453 1580 716 1661 quaeret
754 1578 955 1642 iratus
1004 1599 1254 1664 parem:

240 1660 376 1729 Nec
420 1663 617 1727 semel
657 1664 882 1728 offensi
928 1664 1109 1727 cedet
1153 1664 1517 1727 constantia
1558 1662 1806 1727 formae
1823 1710 1839 1733 ‚
2110 1674 2173 1724 15

323 1745 394 1811 Si
437 1749 645 1811 certus
689 1746 947 1810 intrarit
988 1746 1189 1810 dolor.

241 1829 331 1895 Et
371 1833 473 1913 tu,
559 1830 948 1926 uicumque's
990 1829 1241 1893 felicior
1285 1833 1474 1912 abque
1515 1850 1658 1894 meo
1702 1850 1875 1894 nunc

325 1912 529 1997 Super
571 1933 648 1977 us
691 1912 934 1977 moedis
977 1912 1176 1995 malo,

240 1996 343 2062 Sis
433 2017 616 2061 ecore
660 2000 726 2059 et
766 1996 969 2060 multa
1012 1995 1188 2059 dives
1230 1995 1461 2059 tellure
1503 1995 1724 2060 licebit

325 2079 404 2143 Τ]
448 2080 597 2163 ique
638 2079 940 2144 Paclzolus
982 2079 1166 2161 fluat,
2106 2094 2176 2145 20
2232 2110 2241 2117 ·
2285 2090 2300 2103 ⁶

239 2163 381 2230 Nec
422 2167 487 2229 te
528 2162 935 2249 Pyhhagorae
974 2163 1206 2227 fallant
1247 2183 1478 2227 arcana
1518 2164 1755 2249 renati,

324 2248 680 2331 Formaque
722 2248 943 2313 vincas
985 2247 1215 2331 Nirea,

238 2331 454 2416 Eheu,
498 2333 846 2398 translatos
888 2332 1017 2397 alio
1059 2333 1373 2398 maerebis
1422 2353 1694 2397 amores.

322 2419 449 2482 Ast
491 2438 611 2503 ego
655 2417 938 2483 vicissim
977 2417 1200 2481 risero.

1100 2708 1293 2783 XVI.

234 2842 466 2907 Altera
507 2841 638 2905 iam
678 2838 905 2904 teritur
946 2838 1133 2903 bellis
1177 2839 1469 2904 civilibus
1513 2841 1718 2922 aetas,

324 2926 468 2992 Suis
512 2928 577 2990 et
618 2925 759 3009 ipsa
798 2922 1008 2988 Roma
1048 2923 1292 2988 viribus
1332 2923 1483 2987 ruit.

237 3010 447 3087 Quam
487 3030 694 3093 neque
735 3007 994 3071 finffimi
1035 3007 1374 3072 valuerunt
1412 3007 1675 3092 perdere
1716 3007 1944 3092 Marsi,

322 3094 596 3161 Minacis
641 3094 754 3157 aut
793 3090 1068 3156 Etrusca
1107 3090 1431 3157 Porsenae
1473 3113 1730 3175 manus,

235 3178 515 3243 Aemula
553 3199 675 3243 nec
717 3176 921 3241 virtus
966 3174 1061 3240 ca
1104 3196 1255 3260 uae,
1299 3198 1421 3241 nec
1464 3175 1807 3260 Spartacus
1852 3196 1998 3241 acer
2137 3188 2174 3239 ὅ

322 3260 389 3327 N
391 3262 650 3346 ovisque
691 3261 882 3325 rebus
925 3259 1041 3323 infi
1085 3260 1201 3324 elis
1244 3259 1592 3343 Allobrox,

234 3345 379 3414 Nec
420 3345 558 3409 fera
599 3345 888 3412 caerulea
929 3344 1177 3410 domuit
1219 3343 1562 3410 Germania
1602 3345 1773 3429 pube

324 3429 829 3516 Parentibusque
871 3429 1277 3496 abominatus
1319 3429 1674 3495 Hannibal:
