2514 3950
259 173 447 248 nm]

1030 173 1247 228 LIBER
1287 172 1387 229 III.

459 334 585 400 Hic
630 335 764 399 dies
807 356 954 399 vere
996 334 1157 398 mih-i
1198 334 1399 399 fesssus
1445 335 1615 398 atras

458 419 718 484 Eximet
759 440 974 503 curas3
1020 439 1142 500 ego
1184 439 1305 482 nec
1348 418 1689 482 tumultum

460 504 598 570 Nec
641 504 807 567 mori
848 524 964 587 per
1004 503 1137 566 vim
1178 504 1462 567 metuam
1502 503 1763 566 {aenente

553 586 824 653 Caesare
867 589 1088 651 terras.

458 705 492 769 I
507 753 526 788 ‚
568 708 713 789 pete
936 707 1182 789 enfium,
1226 726 1413 789 puer,
1461 706 1526 768 et
1570 724 1840 768 coronas

458 789 548 853 Et
589 789 817 854 cadum
930 789 1059 853 arsi
1100 810 1448 853 memorem
1492 787 1719 873 duelli,

461 871 833 957 Spartacum
878 874 1061 957 siqua
1100 874 1314 958 potuit
1357 874 1695 957 vagantem

551 955 798 1021 Fallere
840 959 1024 1020 testa.

460 1070 583 1135 Dic
628 1074 694 1136 et
736 1075 997 1156 argutae
1040 1075 1339 1168 properet
1377 1073 1663 1139 Neaerae

460 1154 786 1220 Murreum
826 1155 997 1219 nodo
1043 1155 1380 1219 cohibente
1424 1157 1689 1241 crinem3

463 1236 533 1303 Si
623 1261 691 1303 er
733 1239 1010 1304 invisum
1053 1260 1235 1304 mora
1276 1239 1615 1304 ianitorem

614 1323 724 1408 ’θη
770 1324 962 1388 abito.

459 1441 651 1508 Lenit
691 1441 1020 1506 albescens
1064 1443 1312 1506 animos
1358 1441 1624 1526 capillus

457 1524 697 1589 Litium
740 1528 805 1590 et
845 1526 1020 1591 rixae
1064 1526 1328 1610 cupidos
1370 1528 1732 1610 protervae3

457 1608 610 1675 Non
653 1630 773 1695 ego
817 1610 940 1675 hoc
982 1610 1216 1676 ferrem
1262 1611 1503 1676 calidus
1546 1611 1806 1675 iuventa

552 1693 830 1759 Consule
871 1694 1129 1761 Planco.

1132 1916 1290 1991 XV.

457 2028 636 2092 onr
677 2030 973 2113 pauperis
1015 2030 1224 2113 Ibyci,

550 2112 836 2177 Tandem
877 2114 1199 2197 nequitiae
1240 2114 1367 2199 fige
1409 2112 1670 2178 medum
1710 2116 1858 2179 tuae

458 2195 872 2281 Famosisque
917 2197 1273 2263 laboribus:

547 2281 802 2346 Maturo
845 2282 1107 2367 propior
1150 2282 1367 2347 desine
1408 2282 1620 2347 funeri

453 2396 631 2463 Inter
672 2399 890 2464 ludere
929 2400 1239 2484 virgineS‚

546 2482 635 2546 Et
677 2483 880 2548 stellis
921 2483 1224 2548 nebulam
1268 2504 1566 2568 spargere
1612 2486 1919 2551 candidis.

454 2565 638 2648 Non,
684 2566 892 2649 siquid
933 2566 1244 2647 Pholoen,
1290 2570 1447 2631 satis

546 2649 636 2714 Et
675 2653 773 2733 te,
820 2647 1070 2734 Chlori,
1116 2650 1322 2717 decet:
1367 2653 1502 2717 filia
1542 2654 1778 2718 rectius

451 2767 551 2832 Ex
732 2770 801 2832 at
840 2767 1139 2833 iuvenum
1180 2769 1403 2834 domos
1413 2819 1434 2853 ‚

542 2791 596 2916 β
665 2873 737 2916 so
781 2851 1019 2936 Thyias
1061 2854 1159 2918 uti
1202 2854 1454 2930 concita
1495 2857 1822 2938 tympano,

450 2936 640 3001 Illam
684 2936 860 3021 cogit
901 2958 1081 3001 amor
1123 2936 1329 3003 Nothi

541 3020 846 3085 Lascivae
890 3022 1162 3085 similem
1204 3021 1421 3086 ludere
1464 3042 1756 3106 capreae3

448 3137 538 3203 Te
580 3139 767 3202 lanae
855 3159 1010 3223 rope
1051 3138 1336 3203 nobilem

540 3223 790 3288 Tonsae
873 3223 1151 3287 uceriam
1164 3272 1182 3305 ‚
1227 3245 1363 3289 non
1407 3224 1685 3289 citharae
1732 3226 1959 3290 decent

448 3306 585 3372 Nec
625 3307 745 3371 flos
786 3329 1140 3392 purpureus
1182 3330 1366 3373 rosae

538 3390 676 3458 Nec
717 3393 856 3477 poti
900 3394 1177 3458 vetulam
1219 3394 1397 3458 faece
1439 3396 1626 3458 tenus
1671 3395 1830 3460 cadi.

1778 3546 1853 3600 5*

2094 162 2174 228 67

1991 512 2175 587 ,ιε

2108 966 2175 1016 20

2106 1453 2172 1502 25

2102 2868 2166 2918 10

2098 3324 2156 3373 15
