2514 3950
386 155 500 221 172
1121 156 1548 213 sATmARvM
2156 156 2316 228 mn,

502 322 753 386 Primus
797 324 864 386 et
902 321 1194 386 invenior
1235 321 1420 404 piper
1461 319 1678 384 album
1711 340 1856 384 cum
1899 318 2029 383 sale
2069 317 2261 402 nigro

376 418 441 468 75
505 406 828 470 Incretum
868 405 1045 489 puris
1090 404 1616 488 circumposuisse
1660 403 1912 468 catillis.

501 489 835 555 Inmanest
875 490 1131 572 vitium,
1177 489 1327 553 dare
1368 488 1549 552 milia
1589 490 1774 552 terna
1812 487 2085 552 macello

500 575 924 660 Angustoque
965 594 1165 658 vagos
1208 573 1418 656 pisces
1461 586 1731 669 urguere
1774 571 2009 636 catino,

501 658 742 744 Magna
783 661 999 723 movet
1036 655 1364 721 stomacho
1408 656 1694 739 fastidia,
1739 677 1851 721 seu
1892 677 2051 739 puer
2091 656 2305 720 unctis

502 742 828 808 Tractavit
870 741 1132 807 calicem
1185 741 1511 825 manibus,
1559 740 1711 806 dum
1760 740 1966 805 frusta
2020 739 2305 824 ligurrit,

378 838 444 888 80
502 825 650 891 Sive
692 826 908 912 gravis
950 825 1149 891 veteri
1190 828 1468 891 craterae
1510 825 1701 889 limus
1745 824 2048 889 adhaesit.

500 910 756 975 Vilibus
798 911 870 974 in
912 910 1154 994 scopis,
1197 911 1270 974 in
1311 910 1589 994 mappis,
1633 910 1704 974 in
1746 909 1936 974 scobe
1980 909 2253 1006 quantus

504 993 820 1060 Consistit
861 994 1193 1078 sumptus?
1248 994 1352 1060 Ne
1398 994 1609 1077 lectis,
1653 993 1966 1079 flagitium
2008 1013 2258 1078 mgens.

501 1078 640 1143 Ten
681 1078 925 1162 lapides
968 1080 1175 1144 varios
1218 1079 1289 1144 lu
1385 1081 1534 1144 enta
1575 1078 1795 1143 radere
1836 1077 2081 1162 palma,

500 1161 591 1229 Et
631 1162 853 1247 Tyrias
898 1163 1048 1228 dare
1092 1163 1332 1228 circum
1373 1163 1578 1228 inlota
1616 1162 1848 1227 toralia
1888 1164 2095 1227 vestes
2110 1209 2129 1244 ‚

375 1258 442 1309 85
502 1246 818 1330 Oblitum,
862 1251 1099 1331 quanto
1144 1269 1359 1313 curam
1405 1250 1851 1330 sumptumque
1894 1246 2207 1310 minorem

499 1331 679 1396 Haec
719 1331 999 1396 habeant
1005 1381 1025 1429 t
1067 1335 1252 1396 tanto
1294 1331 1673 1415 reprehendi
1715 1331 1945 1395 iustius
1986 1330 2145 1412 illis,

504 1415 679 1490 Quae
720 1416 849 1481 nisi
892 1416 1192 1480 divitibus
1234 1417 1556 1500 nequeant
1584 1416 1955 1500 contingere
1991 1413 2229 1478 mensis
2238 1412 2302 1476 ‘2’

505 1498 734 1565 ‘Docte
778 1498 953 1582 Cati,
1043 1521 1112 1564 er
1154 1500 1502 1565 amicitiam
1545 1499 1848 1582 divosque
1873 1501 2183 1583 rogatus,

500 1581 752 1647 Ducere
780 1604 883 1646 me
904 1605 985 1648 au
1034 1584 1216 1666 tum,
1245 1604 1475 1680 perges
1505 1604 1932 1667 quocumque,
1959 1584 2303 1647 memento.

376 1679 443 1728 96
497 1665 563 1732 N
564 1688 668 1730 am
697 1667 983 1748 quamvis
1011 1687 1281 1731 memori
1321 1667 1557 1732 referas
1584 1666 1743 1731 mihi
1772 1670 2027 1752 pectore
2057 1669 2306 1750 cuncta,
2471 1680 2474 1735 ,1

499 1749 656 1815 Non
697 1754 913 1815 tamen
955 1751 1270 1835 interpres
1311 1751 1688 1817 tantundem
1729 1751 1978 1817 iuveris.
2053 1749 2239 1814 Adde

500 1832 773 1898 Voltum
785 1833 1075 1900 habitum
1117 1857 1198 1901 ue
1217 1835 1519 1919 hominis,
1543 1834 2058 1920 quemtuvidisse
2078 1834 2306 1899 beatus

498 1916 565 1984 N
566 1939 654 1984 on
888 1920 912 1984 i
954 1942 1081 2004 pen
1130 1920 1143 1934 '
1192 1968 1212 2005 ‚
1257 1920 1409 2006 quia
1452 1920 1753 2006 contigit·
1800 1921 1867 1984 at
1907 1917 2067 1983 mihi
2110 1939 2261 1983 cura

499 2002 653 2069 Non
694 2026 795 2070 me
846 2005 1031 2070 ’66116
1073 2005 1273 2088 inest,
1316 2006 1528 2070 fontes
1569 2008 1643 2069 ut
1684 1969 1857 2069 adire
1898 2006 2177 2074 remotos
2462 1948 2470 2076 t

374 2099 441 2148 95
498 2087 711 2171 Atque
755 2089 1007 2153 haurire
1052 2109 1279 2173 queam
1321 2089 1489 2154 vitae
1531 2091 1872 2173 praecepta
1913 2089 2184 2153 beatae!

1286 2376 1375 2455 V.

499 2505 665 2572 ‘Hoc
708 2529 984 2593 quoque,
1029 2509 1302 2595 Tiresia,
1344 2513 1596 2595 praeter
1634 2513 1902 2577 narrata·
1931 2509 2179 2595 petenti

494 2589 836 2740 Reszonde
846 2641 867 2676 ,
912 2593 1140 2676 quibus
1170 2596 1451 2692 'amissas
1493 2617 1562 2694 re
1608 2617 1788 2661 arare
1872 2617 2058 2660 ueam
2099 2615 2205 2659 res

494 2675 643 2740 Artx
687 2697 762 2740 us
791 2679 983 2761 atque
1012 2678 1239 2742 modis.
1300 2678 1468 2755 de
1494 2702 1551 2743 r1
1596 2680 1735 2744 es‘?’
1800 2685 1818 2716 ³
1859 2701 2044 2744 amne
2072 2678 2308 2743 doloso
2455 2670 2463 3030 ί

493 2759 649 2824 Non
691 2761 844 2826 satis
888 2764 984 2826 est
1027 2760 1315 2827 Ithacam
1355 2762 1572 2827 revehi
1618 2764 1984 2847 patriosque
2026 2763 2311 2828 Penates

394 2853 427 2901 5
496 2843 633 2908 Α116
679 2845 914 2910 icere?’
972 2846 1052 2911 ‘0
1096 2846 1263 2911 nulli
1304 2847 1412 2930 qui
1494 2867 1642 2912 uam
1669 2848 1965 2932 mentite,
2007 2846 2187 2911 vides
2229 2851 2312 2911 ut

491 2926 602 2992 Nu
645 2949 719 2991 us
747 2930 1061 3013 inopsque
1090 2929 1351 2995 domum
1370 2951 1439 2994 re
1485 2951 1653 3017 eam3
1682 2935 1748 2997 te
1769 2935 1913 2997 vate
1934 2951 2140 3014 neque
2160 2930 2312 2996 illic

491 3010 629 3074 Aut
671 3012 982 3093 apotheca
1021 3014 1234 3096 procis
1277 3014 1585 3080 intactast
1625 3019 1736 3082 aut
1775 3037 2000 3099 pecus:
2045 3014 2228 3098 atqui

490 3093 582 3158 Et
621 3115 828 3179 genus
872 3100 939 3161 et
978 3098 1212 3181 virtus,
1262 3098 1392 3163 nisi
1435 3120 1581 3165 cum
1622 3122 1722 3183 re,
1767 3099 1957 3164 vilior
1999 3099 2261 3184 algast?

494 3178 786 3253 ‘Quando
829 3180 1199 3264 pauperiem
1239 3183 1456 3248 missis
1498 3184 1874 3269 ambagibus
1916 3183 2169 3266 horres,

373 3275 431 3323 16
493 3262 735 3347 Accipe
779 3284 904 3348 qua
943 3265 1192 3331 ratione
1278 3289 1429 3332 ueas
1475 3268 1802 3334 ditescere.
1891 3266 2140 3331 Turdus

490 3345 636 3412 Sive
679 3347 851 3413 aliud
891 3349 1145 3434 privum
1188 3350 1272 3415 da
1314 3351 1443 3416 itur
1484 3352 1604 3417 tibi
1615 3401 1635 3435 ,
1681 3351 1934 3417 devolet
1974 3351 2128 3415 illuc
2138 3399 2158 3434 ,

490 3430 621 3497 Res
663 3431 775 3498 ubi
815 3454 1052 3519 11163116
1092 3434 1261 3499 nitet
1303 3435 1562 3502 domino
1608 3456 1790 3521 sene;
1848 3434 2060 3500 dulcia
2100 3455 2320 3519 poma
2449 3439 2454 3658 [
