2514 3950
264 179 389 253 ΠΙ.)
1067 176 1284 230 LIBER
1324 176 1368 233 1.
2066 169 2190 235 135

265 341 374 406 ‘Vt
401 339 685 425 quamvis
705 342 876 404 tacet
894 338 1356 424 HermogeneS‚
1393 338 1617 403 cantor
1637 341 1855 403 tamen
1874 341 2062 422 atque

266 426 317 490 Ο
363 426 555 490 timus
601 427 701 489 est
739 423 1130 508 modulator-3
1174 426 1248 487 ut
1290 422 1563 487 Alfenus
1606 423 1781 488 vafer
1826 422 2002 487 omni
2091 433 2190 486 130

265 511 323 573 A
368 510 531 574 iecto
575 509 1000 573 instrumento
1046 507 1202 572 artis
1246 508 1586 590 clausaque
1628 507 1895 571 taberna

264 593 509 658 Tonsor
553 596 715 678 erat3
774 592 1030 676 sapiens
1073 591 1284 676 operis
1328 591 1423 656 sic
1466 592 1745 675 optimus
1789 592 1998 655 omnis

262 677 382 743 Est
424 679 665 762 opifex,
712 678 885 742 solus
926 677 1022 742 sic
1064 682 1218 742 rex?
1308 675 1575 741 VeUunt
1615 675 1736 739 fibi
1779 674 2044 740 barbam

263 762 509 827 Lascivi
548 763 730 847 pueri
744 811 762 845 ,
808 781 966 845 quos
1004 765 1082 826 tu
1122 761 1252 825 nisi
1292 761 1462 825 fuste
1506 758 1835 843 coherces,

262 845 567 932 Vrgueris
610 847 800 911 turba
843 846 1082 911 circum
1098 870 1103 895 2
1122 849 1189 910 te
1233 847 1447 910 stante
1488 845 1806 929 miserque
2094 857 2190 907 135

187 959 189 962 ⁴
262 930 599 1015 Rumperis
645 934 710 995 et
750 931 973 1014 latras,
1017 950 1399 1014 magnorum
1439 930 1714 994 maxime
1756 950 2000 1015 regum.

263 1015 363 1080 Ne
403 1016 670 1098 longum
712 1013 973 1077 faciam:
1018 1013 1170 1077 dum
1202 1016 1285 1076 ›tu
1328 1013 1676 1096 quadrante
1719 1014 1998 1078 lavatum

264 1098 400 1161 Rex
441 1098 565 1161 ibis
605 1116 813 1179 neque
852 1099 920 1161 te
963 1098 1298 1180 quisquam
1340 1096 1611 1179 stipator
1650 1097 1938 1180 ineptum

264 1180 522 1246 Praeter
566 1178 933 1278 Crispinum
976 1181 1353 1263 sectabitur,
1399 1183 1463 1245 et
1503 1180 1664 1244 mihi
1708 1180 1922 1244 dulces

263 1266 639 1351 Ignoscent,
685 1264 894 1363 siquid
935 1285 1201 1349 peccaro
1224 1265 1509 1347 stultum,
1556 1263 1774 1346 amici,
2097 1278 2193 1329 140

264 1349 464 1434 Inque
507 1350 711 1414 vicem
751 1350 1009 1415 illorum
1049 1349 1261 1432 patiar
1305 1348 1535 1414 delicta
1584 1349 1889 1433 libenter,

263 1433 677 1518 Privatusque
720 1435 926 1521 magis
967 1434 1178 1499 vivam
1219 1436 1287 1499 te
1329 1454 1481 1519 rege
1513 1433 1769 1520 beatus.

1150 1725 1294 1800 Im

263 1858 531 1942 Eupolis
576 1860 764 1940 atque
810 1856 1107 1920 Cratinus
1152 1857 1740 1939 Aristophanesque
1784 1859 2010 1939 poetae

256 1943 476 2025 ¹Atque
520 1941 656 2023 alii,
702 1959 971 2087 qporum
1000 1938 1330 2004 comoedia
1370 1940 1581 2023 prisca
1610 1939 1982 2024 virorumst,

266 2026 478 2108 Siquis
524 2028 660 2089 erat
751 2024 933 2108 ‘gnus
976 2023 1278 2106 describi,
1324 2023 1493 2106 quod
1535 2023 1739 2087 malus
1783 2044 1859 2088 ac
1901 2024 2033 2108 fur,

265 2108 451 2184 Quod
492 2106 794 2172 moechus
836 2107 1004 2172 foret
1045 2111 1157 2172 aut
1198 2107 1461 2172 sicarius
1506 2110 1618 2171 aut
1660 2107 1899 2192 alioqui

264 2193 574 2257 Famosus
587 2242 606 2276 ,
650 2193 852 2256 multa
895 2203 1041 2256 cu'm
1083 2192 1376 2257 libertate
1407 2192 1750 2256 *notabant
2164 2205 2196 2255 5

262 2277 436 2342 Hinc
479 2277 688 2341 omnis
730 2276 969 2361 pendet
1009 2277 1321 2361 Lucilius,
1365 2276 1560 2342 hosce
1601 2279 1856 2341 secutus

262 2362 529 2426 Mutatis
571 2364 821 2425 tantum
863 2361 1131 2445 pedibus
1173 2361 1609 2445 numerisque,
1652 2361 1895 2425 facetus
1906 2410 1925 2444 ,

261 2444 618 2511 Emunctae
659 2446 863 2528 naris,
909 2445 1100 2510 durus
1144 2465 1269 2509 con
1314 2453 1506 2509 onere
1548 2465 1787 2509 versus.

255 2530 434 2596 'Nam
475 2530 601 2593 fuit
639 2529 765 2593 hoc
807 2529 1105 2593 vitiosus:
1148 2529 1219 2593 in
1307 2550 1420 2594 ora
1460 2549 1650 2613 saepe
1694 2528 1999 2595 ducentos
2013 2578 2033 2613 ,

264 2613 357 2679 Vt
393 2634 730 2698 magnum,
775 2633 992 2677 versus
1034 2612 1520 2679 dictabat-stans
1555 2613 1724 2697 pede
1767 2614 1837 2678 in
1864 2634 2016 2678 uno.
2132 2628 2198 2677 10

263 2698 428 2764 Cum
448 2694 698 2762 'flueret
738 2697 1087 2762 lutulentus
1097 2746 1116 2781 ,
1161 2702 1300 2763 erat
1342 2697 1513 2796 quod
1553 2698 1781 2762 tollere
1824 2698 2054 2782 velles3

263 2782 570 2848 Garrulus
615 2785 803 2866 atque
845 2782 1029 2867 piger
1071 2782 1391 2847 scribendi
1433 2783 1599 2845 ferre
1640 2780 1923 2844 laborem
1933 2829 1952 2863 ,

259 2866 596 2933 Scribendi
623 2870 825 2931 recte:
855 2888 1007 2931 nam
1034 2870 1108 2930 ut
1134 2868 1407 2930 multum
1420 2865 1563 2948 ,nil
1579 2865 1823 2928 'moron
1866 2864 2066 2949 Ecce,

259 2952 598 3036 Crispinus
640 2951 906 3015 minimo
950 2971 1052 3027 me
1095 2951 1403 3033 provocat
1447 2948 1717 3031 ‘accipe,
1766 2948 1820 3011 si
1861 2949 1991 3032 vis,

259 3036 595 3120 Accipiam
637 3036 916 3118 tabulas3
963 3034 1146 3098 detur
1185 3032 1375 3097 nobis
1417 3032 1598 3097 locus
1609 3081 1629 3116 ,
1673 3031 1861 3116 hora,
2132 3046 2200 3096 15

260 3119 609 3206 Custodes3
654 3119 981 3184 videamus
1023 3120 1166 3182 uter
1206 3118 1354 3201 plus
1399 3116 1673 3181 scribere
1715 3117 1970 3200 possit!

259 3202 349 3267 Di
389 3204 552 3268 bene
594 3203 911 3286 fecerunt,
956 3201 1168 3285 inopis
1202 3224 1306 3265 me
1351 3200 1643 3285 quodque
1683 3200 1903 3284 pusilli

256 3287 617 3352 Finxerunt
652 3288 882 3371 animi,
925 3306 1069 3350 raro
1116 3289 1181 3350 et
1220 3307 1540 3370 perpauca
1581 3284 1931 3371 loquentis3

255 3372 354 3435 At
393 3374 467 3434 tu
510 3373 838 3437 conclusas
881 3371 1147 3436 hircinis
1191 3371 1454 3435 follibus
1499 3390 1683 3433 auras

260 3451 478 3539 Vsque
522 3454 915 3541 laborantes,
959 3455 1111 3521 dum
1152 3455 1394 3521 ferrum
1436 3454 1686 3519 molliat
1725 3452 1933 3539 ignis,
2128 3465 2199 3515 20
