2514 3950
294 120 446 175 XLII
968 117 1538 175 PROLEGOMENA.

294 268 612 344 tologiam:
665 269 808 327 na'm
861 267 1036 329 modo
1081 269 1495 343 praecesserat
1537 267 1636 327 abi
1678 283 1789 339 quo
1833 266 2083 327 blandae
2124 267 2215 326 iu-

295 373 504 416 venum
557 361 608 415 te
661 359 931 416 revocant
975 373 1195 430 preces.
1288 353 1535 415 Codices
1580 353 1810 413 haberit
1851 355 2073 430 partim
2117 355 2215 415 do-

294 462 474 512 mum,
519 444 739 520 partim
788 445 973 512 domo,
1017 446 1089 503 ut
1132 443 1287 502 illud
1319 441 1769 519 Porphyrionis,
1812 443 1926 502 hoc
1960 442 2214 502 Acronis

294 532 657 592 auctoritate
693 531 983 593 firmetur.
1033 531 1331 607 Equidem
1365 530 1484 590 nisi
1518 531 1713 604 fallor,
1742 529 2034 591 Horatius
2071 532 2216 591 scri·

297 620 422 696 psit
475 622 676 689 domu,
734 639 888 697 quae
943 620 1182 695 saepius
1235 620 1431 680 forma
1488 619 1673 679 simili
1724 620 2067 695 corruptela
2119 621 2218 679 est

297 709 642 786 depravata.

435 818 490 888 1,
540 817 643 876 16.
721 814 873 874 Vere
914 815 993 872 *ut
1035 815 1184 889 puto
1230 812 1566 872 Meinekius
1612 813 1727 874 late
1767 813 2012 874 militiae
2045 815 2220 888 siqua

296 904 441 976 feret
484 906 643 970 tuae,
701 903 826 964 sive
883 903 918 962 l.
965 919 1012 962 s.
1059 906 1097 962 t.
1141 919 1218 962 m.
1264 903 1336 975 fi,
1391 901 1616 977 partim
1661 900 1959 977 euphonia
2001 900 2217 976 iudice,

296 990 520 1066 partim
547 991 795 1066 propter
830 1008 1059 1050 morem
1094 991 1171 1048 ab
1198 988 1472 1049 Horatio
1493 989 1839 1065 copulandis
1867 989 2218 1064 disiungen-
2263 1030 2280 1041 ·

298 1079 464 1138 disve
518 1079 584 1137 111
637 1079 751 1139 1100
805 1082 997 1138 metro
1046 1077 1340 1139 adiectivo
1396 1079 1459 1137 et
1504 1078 1883 1139 substantivo
1938 1078 2219 1138 observa·

297 1170 454 1246 tum,
501 1185 679 1244 quem
722 1168 954 1245 primus
1001 1166 1290 1227 indicavit
1332 1165 1453 1227 ille.
2181 1188 2192 1194 ·

428 1293 548 1352 1111,
610 1279 673 1348 1,
723 1277 833 1351 35,
883 1277 964 1334 36
1040 1290 1144 1333 cur
1209 1273 1472 1346 famnda
1522 1290 1749 1346 parum
1812 1274 2012 1334 decoro
2066 1275 2221 1333 inter

297 1365 475 1422 verba
519 1363 674 1423 cadit
717 1364 920 1437 linqua
955 1361 1194 1421 silentio·
1272 1358 1445 1429 Quod
1492 1359 1642 1418 dixit
1676 1360 2091 1421 Lachmannus
2140 1361 2221 1420 ad

299 1448 471 1509 Lucr.
516 1469 617 1526 pg.
660 1452 740 1509 66
790 1449 868 1509 ab
913 1448 1059 1509 Hor.
1104 1468 1227 1510 non
1273 1448 1418 1508 elidi
1461 1449 1674 1524 longas
1719 1449 1786 1508 in
1829 1452 2043 1525 quarto
2089 1467 2217 1510 oar-

298 1538 526 1598 minum
580 1537 760 1612 libro,
828 1540 891 1597 et
946 1537 1058 1597 hoc
1110 1539 1240 1598 loco
1295 1536 1596 1597 refellitur
1652 1539 1714 1597 et
1769 1539 1835 1612 3,
1894 1539 2004 1598 24:
2068 1540 2222 1611 quod

298 1629 458 1700 spiro
504 1631 558 1686 et
587 1628 812 1701 placeo,
857 1628 912 1686 si
943 1627 1167 1700 placeo,
1215 1629 1443 1686 twunwt.
1535 1625 1695 1684 Nam
1740 1625 1813 1686 de
1858 1643 1892 1687 o
1935 1626 2105 1686 finali
2140 1626 2217 1685 ab

300 1714 555 1776 Horatio
615 1716 889 1790 correpto
947 1715 1098 1774 satis
1156 1714 1383 1772 dictum
1434 1714 1499 1773 in
1542 1713 1755 1773 indice.
1843 1714 1971 1774 Nec
2014 1715 2220 1773 tamen

298 1803 416 1863 fuit
463 1821 660 1879 causa,
708 1822 813 1863 cur
863 1805 922 1877 4,
973 1805 1054 1862 18
1105 1802 1471 1862 scriberetur
1529 1802 1842 1876 Vimque&
1887 1807 1941 1863 ct
1982 1803 2103 1863 Mu.

431 1927 552 1983 1111,
601 1910 638 1967 2
653 1952 670 1987 ,
720 1910 753 1966 1
805 1926 891 1985 sq.
979 1906 1311 1968 Pindarmn
1367 1910 1625 1983 quisquis
1676 1908 1862 1968 studet
1912 1909 2217 1977 aemulari,

299 1998 460 2066 Iule,
508 2015 555 2058 c.
600 2015 649 2057 ο.
695 1996 775 2056 D.
867 1996 1002 2056 Etsi
1048 1997 1202 2056 falso
1249 1996 1478 2056 adserit
1522 1996 1965 2071 Peerlcampius
2009 1998 2218 2056 trium·

300 2086 416 2145 viri
468 2085 662 2145 filium
713 2085 936 2144 Iulium
987 2084 1177 2144 fuisse
1230 2085 1561 2145 vocitatum
1613 2103 1722 2144 nec
1764 2084 2006 2145 videtur
2050 2085 2219 2144 dubi-

300 2174 550 2232 tandum
607 2171 680 2230 de
734 2172 1033 2249 disyllabo
1077 2171 1211 2232 Iulo
1271 2168 1370 2247 [cf.
1401 2172 1483 2248 d.
1536 2192 1585 2231 r.
1636 2192 1717 2234 111.
1774 2170 1928 2249 261]
1941 2218 1960 2252 ,
2014 2175 2220 2233 tamen

301 2262 505 2319 manet
551 2258 892 2334 difficultas,
937 2260 1002 2318 in
1047 2279 1116 2321 eo
1162 2259 1379 2335 posita,
1426 2259 1586 2336 quod
1621 2259 1941 2324 Horatium
1985 2261 2050 2320 in
2095 2280 2221 2321 car-

301 2347 561 2407 minibus
616 2348 821 2423 lyricis
878 2348 1133 2407 eundem
1186 2348 1492 2408 hominem
1546 2348 1639 2408 bis
1696 2348 1932 2409 diverso
1979 2350 2219 2409 nomine

302 2437 543 2512 adloqui
587 2439 772 2512 negat
816 2436 991 2496 idem.
1069 2435 1266 2506 Quare
1304 2435 1512 2496 dubito
1549 2437 1918 2514 plerumque,
1964 2456 2043 2499 an
2083 2456 2220 2514 pro-

301 2524 566 2584 bandum
611 2524 691 2583 sit
735 2524 895 2599 quod
938 2524 1165 2599 placuit
1209 2524 1404 2584 eidem
1436 2541 1545 2584 nec
1582 2523 1903 2601 displicuit,
1949 2529 2020 2585 ut
2053 2528 2219 2603 put0,

307 2612 600 2671 Meinekio
645 2612 742 2671 ille
787 2614 993 2673 ceratis
1037 2630 1141 2686 ope
1181 2612 1504 2673 Daedalea.

440 2720 498 2791 2,
545 2719 645 2777 33.
686 2719 767 2776 41
818 2719 1078 2778 concines
1120 2720 1341 2778 maiore
1373 2722 1550 2792 poeta
1581 2719 1803 2796 plectro
1831 2748 1915 2760 —-
1944 2719 2220 2780 concines.

305 2804 576 2865 Concinet
627 2805 1070 2879 Lachmannus,
1136 2824 1256 2865 non
1318 2806 1496 2882 bene,
1562 2806 1615 2865 si
1676 2806 2039 2866 sententiam
2094 2824 2219 2866 car-

303 2893 480 2952 minis
526 2894 700 2972 recte
735 2894 921 2970 capio,
994 2894 1075 2953 Et
1116 2893 1265 2954 satis
1304 2894 1555 2967 constat,
1602 2912 1785 2969 quam
1827 2894 1999 2954 nimii
2043 2912 2222 2970 saepe

305 2981 532 3040 fuerint
575 2982 790 3056 poetae
836 2981 1030 3059 latini,
1076 2982 1432 3057 praesertim
1473 2982 1760 3057 temporis
1796 2981 2115 3059 Augustei,
2159 2984 2225 3041 in

305 3068 619 3129 laudandis
668 3070 994 3130 amicorum
1038 3070 1428 3129 facultatibus
1468 3070 1735 3146 poeticis.

441 3177 499 3248 2,
537 3176 619 3234 49
669 3179 846 3249 teque,
882 3177 1022 3236 dum
1045 3176 1326 3249 procedit,
1363 3177 1420 3235 io
1455 3176 1758 3248 triumphe.
1809 3175 2032 3251 Recepi
2067 3175 2226 3251 quod

137 3275 243 3312 st*
307 3262 627 3339 aliquando
680 3262 1093 3324 commendare
1159 3263 1407 3324 memini
1459 3262 1827 3322 Meinekium
1885 3267 2055 3335 atque
2115 3283 2225 3339 pro

310 3356 514 3431 tenue,-
573 3350 702 3409 Hoc
757 3350 915 3410 enim
971 3369 1152 3425 quam
1210 3351 1388 3416 facile
1451 3350 1516 3408 in
1577 3348 1707 3409 cdd.
1773 3349 2063 3410 substitui
2124 3370 2228 3426 po·
