2514 3950
238 173 345 259 vn]=
1014 171 1230 226 mena
1273 172 1343 229 11.
2035 59 2399 351 Χ

242 335 476 401 Scilicet
519 335 686 399 elabi
729 334 785 400 si
827 336 1048 419 posset
1088 335 1339 398 mortua
1346 359 1366 432 5
1414 334 1598 399 credo
1614 383 1633 419 ,

241 419 403 495 Quod
443 418 714 484 nimium
758 419 1080 484 institerat
1120 418 1382 484 viventi.
1472 417 1710 485 Cautus
1754 419 1925 484 adito
1938 468 1957 504 ‚

236 503 360 570 Neu
403 503 571 569 desis
615 524 874 588 operae,
916 524 1077 568 neve
1120 503 1555 569 inmoderatus
1598 503 1898 568 abundes,

234 586 562 652 Difficilem
607 591 671 652 et
711 609 1038 653 morosum
1081 587 1365 653 offendes
1408 587 1732 674 garrulus:
1776 587 1943 652 ultra
2076 600 2144 650 90

233 671 289 738 N
290 693 366 736 on
409 672 601 736 etiam
645 672 861 758 sileas3
905 671 1125 737 Davus
1170 672 1259 737 sis
1304 672 1584 738 comicus
1629 674 1819 756 atque

232 756 355 822 Stes
399 756 606 855 capite
649 757 904 842 obstipo
917 805 936 841 ,
981 757 1254 822 multum
1299 757 1526 823 similis
1568 756 1896 822 metuenti.

231 840 529 925 Obsequio
575 863 892 927 grassarez
939 863 1158 926 mone,
1204 843 1262 906 si
1303 842 1620 908 increbuit
1662 863 1845 925 aura,

229 925 451 992 Cautus
494 927 590 990 uti
631 927 801 990 velet
842 946 1061 991 carum
1105 928 1322 1011 caput3
1368 925 1625 991 extrahe
1666 926 1857 990 turba

227 1009 543 1094 Oppositis
585 1011 851 1092 umeris3
899 1030 1116 1073 aurem
1159 1009 1526 1094 substringe
1569 1010 1839 1093 loquaci.
2076 1021 2142 1072 95

226 1093 298 1157 In
339 1095 602 1157 ortunus
648 1095 823 1156 amat
863 1092 1140 1157 laudari:
1186 1092 1389 1157 donec
1433 1092 1578 1156 ‘ohe
1592 1095 1633 1157 1⁹
1677 1093 1806 1157 iam

224 1177 280 1240 A
362 1177 606 1240 caelum
648 1175 942 1240 manibus
986 1175 1254 1241 sublatis
1300 1175 1560 1260 dixerit,
1602 1198 1804 1260 urguo
1848 1179 1913 1241 et

225 1258 620 1326 Crescentem
660 1259 923 1324 tumidis
972 1260 1126 1325 infla
1169 1260 1568 1325 sermonibus
1610 1263 1837 1325 utrem.

218 1343 373 1411 cum
415 1347 480 1409 te
524 1344 781 1428 servitio
825 1345 1022 1430 longo
1069 1365 1354 1429 curaque
1385 1345 1642 1428 levarit,

218 1429 304 1495 Et
344 1431 584 1494 certum
624 1429 902 1514 vigilans
946 1431 1228 1514 ‘quartae
1274 1432 1411 1494 esto
1454 1429 1654 1514 partis
1697 1428 1941 1494 Vlixes'
2047 1442 2144 1492 100

220 1513 509 1580 Audieris
555 1513 817 1579 ‘heresz’
875 1521 1052 1600 ‘ergo
1095 1534 1267 1579 nunc
1310 1513 1519 1579 Dama
1560 1512 1795 1578 sodalis

215 1597 646 1683 Nusquamst?
670 1599 838 1664 unde
860 1598 1020 1664 mihi
1040 1601 1177 1664 tam
1197 1599 1431 1664 fortem
1451 1601 1710 1682 tamque
1732 1597 2054 1664 fidelemP'

215 1681 371 1768 Spar
419 1706 452 1750 e
476 1684 743 1750 subinde
768 1686 852 1767 et,
875 1685 930 1749 si
951 1684 1238 1769 paullum
1261 1687 1465 1769 potes,
1486 1683 1845 1769 inlacrima3
1871 1704 1905 1747 e
1926 1685 2060 1747 rest

215 1767 351 1832 Gau
399 1769 457 1833 'a
499 1769 875 1853 prodentem
915 1769 1161 1833 voltum
1205 1771 1431 1833 celare.
1518 1768 1894 1852 Sepulcrum

209 1852 599 1917 Permissum
642 1852 905 1915 arbitrio
951 1852 1089 1915 sine
1133 1852 1427 1916 sordibus
1473 1855 1753 1915 exstrue:
1797 1851 1991 1918 funus
2044 1864 2139 1916 105

208 1935 490 2021 Egregie
532 1936 773 2000 factum
813 1934 1032 1999 laudet
1072 1934 1326 2001 vicinia.
1400 1933 1611 2018 Siquis

210 2019 403 2085 Forte
450 2018 830 2085 coheredum
873 2019 1086 2083 senior
1128 2020 1295 2083 male
1338 2019 1567 2083 tussiet
1576 2066 1595 2101 ‚
1638 2017 1787 2084 huic
1828 2022 1902 2084 tu

206 2102 364 2187 Dic,
411 2125 488 2168 ex
528 2105 708 2187 parte
750 2106 862 2167 tua
906 2124 1018 2168 seu
1059 2102 1241 2168 fundi
1286 2104 1417 2168 sive
1462 2103 1687 2168 domus
1731 2104 1817 2167 sit

204 2186 482 2272 Emptor
494 2237 513 2271 ‚
558 2187 941 2273 gaudentem
968 2209 1230 2253 nummo
1274 2190 1338 2253 te
1368 2187 1675 2253 addicere.
1742 2188 1867 2253 Sed
1909 2209 2013 2253 me

203 2271 564 2357 Imperiosa
605 2270 807 2336 trahit
847 2272 1262 2358 Proserpina:
1306 2273 1448 2339 vive
1491 2273 1802 2357 valeque.'

1023 2446 1324 2457 ..ο-..-

1107 2563 1229 2639 VI.

191 2694 350 2760 Hoc
395 2699 534 2759 erat
572 2694 643 2758 in
684 2695 882 2760 votis:
933 2695 1159 2760 modus
1203 2696 1344 2794 agri
1385 2716 1521 2760 non
1562 2697 1653 2760 ita
1695 2715 1995 2779 magnust,

187 2779 450 2845 Hortus
493 2779 601 2843 ubi
647 2781 712 2843 et
752 2781 920 2845 tecto
964 2780 1209 2845 vicinus
1254 2781 1421 2865 mgis
1467 2801 1667 2863 aquae
1709 2779 1856 2843 fons

185 2865 288 2929 Et
335 2864 624 2949 paullum
654 2863 849 2929 silvae
894 2885 1082 2949 super
1122 2864 1226 2928 his
1269 2864 1455 2929 foret.
1521 2863 1790 2927 Auctius
1820 2865 2009 2946 atque

183 2949 282 3014 Di
331 2948 561 3014 melius
605 2948 829 3013 fecere.
908 2946 1166 3013 Benest.
1211 2947 1326 3013 Nil
1371 2947 1644 3031 amplius
1688 2967 1831 3031 οπο,

182 3034 376 3098 Maia
403 3036 552 3099 nate
564 3082 583 3117 ‚
613 3033 741 3097 nisi
769 3035 844 3098 ut
868 3033 1128 3116 propria
1154 3030 1314 3096 haec
1342 3031 1501 3096 mihi
1529 3053 1795 3097 munera
1822 3031 2004 3097 faxis.
2103 3043 2135 3093 5

182 3117 265 3183 Si
310 3139 523 3201 neque
565 3118 877 3183 maiorem
914 3116 1038 3181 feci
1080 3116 1330 3181 ratione
1372 3117 1540 3181 mala
1580 3138 1748 3201 rem,

177 3200 256 3267 N
259 3222 341 3265 ec
389 3223 530 3265 sum
571 3202 856 3268 facturus
899 3201 1055 3266 vitio
1103 3201 1365 3285 culpave
1408 3202 1749 3286 minorem3

179 3285 263 3351 Si
312 3305 586 3350 veneror
629 3288 860 3352 stultus
903 3286 1067 3351 nihil
1109 3286 1339 3352 horum
1382 3294 1444 3351 ‘o
1489 3286 1545 3352 si
1574 3286 1857 3371 angulus
1901 3284 2011 3349 ille

173 3369 543 3435 Proximus
588 3372 866 3454 accedat,
891 3372 1000 3456 qui
1043 3393 1214 3437 nunc
1259 3372 1594 3436 denormat
1637 3370 1942 3455 agellum!

173 3454 242 3522 O
271 3454 338 3521 si
360 3474 591 3520 urnam
611 3457 860 3541 argenti
894 3458 1027 3522 fors
1058 3478 1216 3542 quae
1249 3456 1409 3521 mihi
1437 3456 1769 3539 monstret,
1799 3457 1872 3518 ut
1887 3453 2003 3540 illi,
