<?xml version="1.0" encoding="UTF-8"?>
<!DOCTYPE html PUBLIC "-//W3C//DTD XHTML 1.0 Transitional//EN"
    "http://www.w3.org/TR/xhtml1/DTD/xhtml1-transitional.dtd">
<html xmlns="http://www.w3.org/1999/xhtml" xml:lang="en" lang="en">
 <head>
  <title>
</title>
<meta http-equiv="Content-Type" content="text/html;charset=utf-8" />
  <meta name='ocr-system' content='tesseract 3.04.00' />
  <meta name='ocr-capabilities' content='ocr_page ocr_carea ocr_par ocr_line ocrx_word'/>
</head>
<body>
  <div class='ocr_page' id='page_1' title='image "./carmina00horagoog_0337.png"; bbox 0 0 2514 3950; ppageno 0'>
   <div class='ocr_carea' id='block_1_1' title="bbox 203 152 2131 234">
    <p class='ocr_par' dir='ltr' id='par_1_1' title="bbox 203 152 2131 234">
     <span class='ocr_line' id='line_1_1' title="bbox 203 152 2131 234; baseline 0.008 -30"><span class='ocrx_word' id='word_1_1' title='bbox 203 160 323 234; x_wconf 77' lang='lat' dir='ltr'><strong>m]</strong></span> <span class='ocrx_word' id='word_1_2' title='bbox 1000 155 1217 211; x_wconf 81' lang='lat' dir='ltr'>LIBER</span> <span class='ocrx_word' id='word_1_3' title='bbox 1255 157 1328 214; x_wconf 88' lang='grc' dir='ltr'><strong>Π.</strong></span> <span class='ocrx_word' id='word_1_4' title='bbox 2002 152 2131 220; x_wconf 82' lang='grc'><strong>239</strong></span> 
     </span>
    </p>
   </div>
   <div class='ocr_carea' id='block_1_2' title="bbox 179 316 2132 3526">
    <p class='ocr_par' dir='ltr' id='par_1_2' title="bbox 206 316 1791 405">
     <span class='ocr_line' id='line_1_2' title="bbox 206 316 1791 405; baseline -0.001 -18"><span class='ocrx_word' id='word_1_5' title='bbox 206 320 519 388; x_wconf 84' lang='lat' dir='ltr'><strong>Caedibus</strong></span> <span class='ocrx_word' id='word_1_6' title='bbox 562 321 628 385; x_wconf 77' lang='lat' dir='ltr'><strong>et</strong></span> <span class='ocrx_word' id='word_1_7' title='bbox 667 318 842 384; x_wconf 82' lang='lat' dir='ltr'><strong>victu</strong></span> <span class='ocrx_word' id='word_1_8' title='bbox 883 317 1073 382; x_wconf 88' lang='lat' dir='ltr'><strong>foedo</strong></span> <span class='ocrx_word' id='word_1_9' title='bbox 1119 316 1426 384; x_wconf 86' lang='lat' dir='ltr'><strong>deterruit</strong></span> <span class='ocrx_word' id='word_1_10' title='bbox 1468 319 1791 405; x_wconf 88' lang='lat' dir='ltr'><strong>Orpheus,</strong></span> 
     </span>
    </p>

    <p class='ocr_par' dir='ltr' id='par_1_3' title="bbox 203 402 2128 1009">
     <span class='ocr_line' id='line_1_3' title="bbox 203 402 1905 487; baseline 0 -17"><span class='ocrx_word' id='word_1_11' title='bbox 203 404 427 476; x_wconf 90' lang='lat' dir='ltr'><strong>Dictus</strong></span> <span class='ocrx_word' id='word_1_12' title='bbox 472 406 556 469; x_wconf 91' lang='lat' dir='ltr'><strong>ob</strong></span> <span class='ocrx_word' id='word_1_13' title='bbox 597 402 722 469; x_wconf 89' lang='lat' dir='ltr'><strong>hoc</strong></span> <span class='ocrx_word' id='word_1_14' title='bbox 765 402 966 467; x_wconf 87' lang='lat' dir='ltr'><strong>lenire</strong></span> <span class='ocrx_word' id='word_1_15' title='bbox 1007 402 1208 487; x_wconf 82' lang='lat' dir='ltr'><strong>tigres</strong></span> <span class='ocrx_word' id='word_1_16' title='bbox 1250 402 1504 467; x_wconf 86' lang='lat' dir='ltr'><strong>rabidos</strong></span> <span class='ocrx_word' id='word_1_17' title='bbox 1549 426 1628 468; x_wconf 90' lang='lat' dir='ltr'><strong>ue</strong></span> <span class='ocrx_word' id='word_1_18' title='bbox 1670 406 1905 471; x_wconf 90' lang='lat' dir='ltr'><strong>leones.</strong></span> 
     </span>
     <span class='ocr_line' id='line_1_4' title="bbox 203 485 1972 573; baseline -0.001 -18"><span class='ocrx_word' id='word_1_19' title='bbox 203 489 427 555; x_wconf 84' lang='lat' dir='ltr'><strong>Dictus</strong></span> <span class='ocrx_word' id='word_1_20' title='bbox 472 491 537 554; x_wconf 90' lang='lat' dir='ltr'><strong>et</strong></span> <span class='ocrx_word' id='word_1_21' title='bbox 577 487 939 572; x_wconf 78' lang='lat' dir='ltr'>Amphion,</span> <span class='ocrx_word' id='word_1_22' title='bbox 983 485 1328 551; x_wconf 82' lang='lat' dir='ltr'><strong>Thebanae</strong></span> <span class='ocrx_word' id='word_1_23' title='bbox 1373 507 1496 551; x_wconf 89' lang='lat' dir='ltr'><strong>con</strong></span> <span class='ocrx_word' id='word_1_24' title='bbox 1545 486 1666 551; x_wconf 82' lang='lat' dir='ltr'><strong>‘tor</strong></span> <span class='ocrx_word' id='word_1_25' title='bbox 1698 489 1903 573; x_wconf 88' lang='lat' dir='ltr'><strong>urbis,</strong></span> <span class='ocrx_word' id='word_1_26' title='bbox 1964 545 1972 553; x_wconf 93' lang='lat'><em>.</em></span> 
     </span>
     <span class='ocr_line' id='line_1_5' title="bbox 205 569 2128 654; baseline -0.001 -15"><span class='ocrx_word' id='word_1_27' title='bbox 205 572 367 639; x_wconf 84' lang='lat' dir='ltr'><strong>Saxa</strong></span> <span class='ocrx_word' id='word_1_28' title='bbox 408 593 662 638; x_wconf 82' lang='lat' dir='ltr'><strong>movere</strong></span> <span class='ocrx_word' id='word_1_29' title='bbox 704 593 865 637; x_wconf 90' lang='lat' dir='ltr'><strong>sono</strong></span> <span class='ocrx_word' id='word_1_30' title='bbox 908 569 1249 636; x_wconf 83' lang='lat' dir='ltr'><strong>testudinis</strong></span> <span class='ocrx_word' id='word_1_31' title='bbox 1295 572 1361 635; x_wconf 90' lang='lat' dir='ltr'><strong>et</strong></span> <span class='ocrx_word' id='word_1_32' title='bbox 1399 590 1587 654; x_wconf 80' lang='lat' dir='ltr'>prece</span> <span class='ocrx_word' id='word_1_33' title='bbox 1630 571 1865 636; x_wconf 85' lang='lat' dir='ltr'><strong>blanda</strong></span> <span class='ocrx_word' id='word_1_34' title='bbox 2027 587 2128 639; x_wconf 80' lang='lat'><strong>395</strong></span> 
     </span>
     <span class='ocr_line' id='line_1_6' title="bbox 203 653 2002 742; baseline -0.001 -19"><span class='ocrx_word' id='word_1_35' title='bbox 203 658 466 742; x_wconf 81' lang='lat' dir='ltr'><strong>Ducere,</strong></span> <span class='ocrx_word' id='word_1_36' title='bbox 512 678 638 742; x_wconf 90' lang='lat' dir='ltr'><strong>quo</strong></span> <span class='ocrx_word' id='word_1_37' title='bbox 665 657 875 722; x_wconf 83' lang='lat' dir='ltr'><strong>vellet.</strong></span> <span class='ocrx_word' id='word_1_38' title='bbox 936 655 1088 720; x_wconf 86' lang='lat' dir='ltr'><strong>Fuit</strong></span> <span class='ocrx_word' id='word_1_39' title='bbox 1127 653 1287 721; x_wconf 85' lang='lat' dir='ltr'><strong>haec</strong></span> <span class='ocrx_word' id='word_1_40' title='bbox 1317 654 1634 739; x_wconf 87' lang='lat' dir='ltr'><strong>sapientia</strong></span> <span class='ocrx_word' id='word_1_41' title='bbox 1662 656 2002 741; x_wconf 83' lang='lat' dir='ltr'><strong>quondam,</strong></span> 
     </span>
     <span class='ocr_line' id='line_1_7' title="bbox 203 739 1759 826; baseline -0.002 -19"><span class='ocrx_word' id='word_1_42' title='bbox 203 743 465 808; x_wconf 90' lang='lat' dir='ltr'><strong>Publica</strong></span> <span class='ocrx_word' id='word_1_43' title='bbox 504 742 772 826; x_wconf 81' lang='lat' dir='ltr'><strong>privatis</strong></span> <span class='ocrx_word' id='word_1_44' title='bbox 816 762 1142 807; x_wconf 82' lang='lat' dir='ltr'><strong>secernere</strong></span> <span class='ocrx_word' id='word_1_45' title='bbox 1155 790 1175 825; x_wconf 91' lang='lat'><strong>,</strong></span> <span class='ocrx_word' id='word_1_46' title='bbox 1221 761 1403 806; x_wconf 88' lang='lat' dir='ltr'><strong>sacra</strong></span> <span class='ocrx_word' id='word_1_47' title='bbox 1442 739 1759 824; x_wconf 87' lang='lat' dir='ltr'><strong>profanis,</strong></span> 
     </span>
     <span class='ocr_line' id='line_1_8' title="bbox 205 824 1872 911; baseline -0.001 -18"><span class='ocrx_word' id='word_1_48' title='bbox 205 826 561 894; x_wconf 77' lang='lat' dir='ltr'>Concubitu</span> <span class='ocrx_word' id='word_1_49' title='bbox 646 825 939 891; x_wconf 80' lang='lat' dir='ltr'><strong>rohibere</strong></span> <span class='ocrx_word' id='word_1_50' title='bbox 981 847 1147 910; x_wconf 80' lang='lat' dir='ltr'><strong>vago</strong></span> <span class='ocrx_word' id='word_1_51' title='bbox 1223 825 1375 889; x_wconf 88' lang='lat' dir='ltr'><strong>dare</strong></span> <span class='ocrx_word' id='word_1_52' title='bbox 1415 824 1556 889; x_wconf 89' lang='lat' dir='ltr'><strong>iura</strong></span> <span class='ocrx_word' id='word_1_53' title='bbox 1595 826 1872 911; x_wconf 87' lang='lat' dir='ltr'><strong>maritis,</strong></span> 
     </span>
     <span class='ocr_line' id='line_1_9' title="bbox 203 849 1524 1009; baseline -0.003 -32"><span class='ocrx_word' id='word_1_54' title='bbox 203 911 452 1009; x_wconf 88' lang='lat' dir='ltr'><strong>Oppida</strong></span> <span class='ocrx_word' id='word_1_55' title='bbox 491 849 737 993; x_wconf 72' lang='lat' dir='ltr'><strong>moliri,</strong></span> <span class='ocrx_word' id='word_1_56' title='bbox 781 910 958 994; x_wconf 84' lang='lat' dir='ltr'><strong>leges</strong></span> <span class='ocrx_word' id='word_1_57' title='bbox 1000 910 1132 974; x_wconf 87' lang='lat' dir='ltr'><strong>inci</strong></span> <span class='ocrx_word' id='word_1_58' title='bbox 1176 931 1283 973; x_wconf 89' lang='lat' dir='ltr'><strong>ere</strong></span> <span class='ocrx_word' id='word_1_59' title='bbox 1324 909 1373 973; x_wconf 89' lang='lat' dir='ltr'><strong>li</strong></span> <span class='ocrx_word' id='word_1_60' title='bbox 1467 928 1524 974; x_wconf 91' lang='lat'><strong>0.</strong></span> 
     </span>
    </p>

    <p class='ocr_par' dir='ltr' id='par_1_4' title="bbox 204 992 2132 1176">
     <span class='ocr_line' id='line_1_10' title="bbox 204 992 2132 1061; baseline 0 -1"><span class='ocrx_word' id='word_1_61' title='bbox 204 995 308 1061; x_wconf 78' lang='lat' dir='ltr'><strong>Sic</strong></span> <span class='ocrx_word' id='word_1_62' title='bbox 347 995 557 1059; x_wconf 89' lang='lat' dir='ltr'><strong>honor</strong></span> <span class='ocrx_word' id='word_1_63' title='bbox 598 997 665 1058; x_wconf 87' lang='lat' dir='ltr'><strong>et</strong></span> <span class='ocrx_word' id='word_1_64' title='bbox 703 1013 943 1058; x_wconf 86' lang='lat' dir='ltr'><strong>nomen</strong></span> <span class='ocrx_word' id='word_1_65' title='bbox 985 992 1217 1058; x_wconf 87' lang='lat' dir='ltr'><strong>divinis</strong></span> <span class='ocrx_word' id='word_1_66' title='bbox 1261 996 1394 1058; x_wconf 77' lang='lat' dir='ltr'><strong>vati</strong></span> <span class='ocrx_word' id='word_1_67' title='bbox 1439 1015 1514 1058; x_wconf 89' lang='lat' dir='ltr'><strong>us</strong></span> <span class='ocrx_word' id='word_1_68' title='bbox 1559 1015 1599 1057; x_wconf 89' lang='lat' dir='ltr'><strong>a</strong></span> <span class='ocrx_word' id='word_1_69' title='bbox 1668 1016 1748 1059; x_wconf 91' lang='lat' dir='ltr'><strong>ue</strong></span> <span class='ocrx_word' id='word_1_70' title='bbox 2027 1007 2132 1060; x_wconf 87' lang='grc'><strong>400</strong></span> 
     </span>
     <span class='ocr_line' id='line_1_11' title="bbox 204 996 1919 1176; baseline 0.001 -32"><span class='ocrx_word' id='word_1_71' title='bbox 204 1078 604 1145; x_wconf 80' lang='lat' dir='ltr'><strong>Carminibus</strong></span> <span class='ocrx_word' id='word_1_72' title='bbox 646 1077 839 1142; x_wconf 80' lang='lat' dir='ltr'><strong>venit.</strong></span> <span class='ocrx_word' id='word_1_73' title='bbox 925 1076 1085 1176; x_wconf 70' lang='lat' dir='ltr'><strong>Post</strong></span> <span class='ocrx_word' id='word_1_74' title='bbox 1123 1076 1242 1174; x_wconf 77' lang='lat' dir='ltr'><strong>hos</strong></span> <span class='ocrx_word' id='word_1_75' title='bbox 1285 1077 1560 1176; x_wconf 76' lang='lat' dir='ltr'><strong>insignis</strong></span> <span class='ocrx_word' id='word_1_76' title='bbox 1596 996 1919 1145; x_wconf 42' lang='lat' dir='ltr'><strong>{omerus</strong></span> 
     </span>
    </p>

    <p class='ocr_par' dir='ltr' id='par_1_5' title="bbox 203 1161 1840 1344">
     <span class='ocr_line' id='line_1_12' title="bbox 203 1161 1840 1344; baseline 0.001 -33"><span class='ocrx_word' id='word_1_77' title='bbox 203 1251 208 1257; x_wconf 83' lang='grc'><strong><em>’</em></strong></span> <span class='ocrx_word' id='word_1_78' title='bbox 267 1182 1083 1343; x_wconf 50' lang='grc' dir='ltr'><strong>οτεῌοξςὲἓααῃιιηῗξεᾶίοῄαθ</strong></span> <span class='ocrx_word' id='word_1_79' title='bbox 1099 1161 1567 1344; x_wconf 47' lang='lat' dir='ltr'><strong>opermcm</strong></span> <span class='ocrx_word' id='word_1_80' title='bbox 1602 1162 1840 1331; x_wconf 54' lang='lat' dir='ltr'><strong>Egrusss,</strong></span> 
     </span>
    </p>

    <p class='ocr_par' dir='ltr' id='par_1_6' title="bbox 202 1330 1755 1416">
     <span class='ocr_line' id='line_1_13' title="bbox 202 1330 1755 1416; baseline 0 -20"><span class='ocrx_word' id='word_1_81' title='bbox 202 1330 292 1397; x_wconf 88' lang='lat' dir='ltr'><strong>Et</strong></span> <span class='ocrx_word' id='word_1_82' title='bbox 329 1334 497 1395; x_wconf 78' lang='lat' dir='ltr'><strong>vitae</strong></span> <span class='ocrx_word' id='word_1_83' title='bbox 538 1333 891 1395; x_wconf 83' lang='lat' dir='ltr'><strong>monstrata</strong></span> <span class='ocrx_word' id='word_1_84' title='bbox 932 1332 1125 1412; x_wconf 75' lang='lat' dir='ltr'><strong>viaet,</strong></span> <span class='ocrx_word' id='word_1_85' title='bbox 1170 1331 1237 1395; x_wconf 89' lang='lat' dir='ltr'><strong>et</strong></span> <span class='ocrx_word' id='word_1_86' title='bbox 1279 1333 1488 1416; x_wconf 79' lang='lat' dir='ltr'><strong>gratia</strong></span> <span class='ocrx_word' id='word_1_87' title='bbox 1527 1352 1755 1416; x_wconf 87' lang='lat' dir='ltr'><strong>regum</strong></span> 
     </span>
    </p>

    <p class='ocr_par' dir='ltr' id='par_1_7' title="bbox 201 1413 2131 1597">
     <span class='ocr_line' id='line_1_14' title="bbox 201 1413 2131 1500; baseline 0 -20"><span class='ocrx_word' id='word_1_88' title='bbox 201 1415 425 1481; x_wconf 83' lang='lat' dir='ltr'><strong>Pieriis</strong></span> <span class='ocrx_word' id='word_1_89' title='bbox 467 1417 779 1499; x_wconf 84' lang='lat' dir='ltr'><strong>temptata</strong></span> <span class='ocrx_word' id='word_1_90' title='bbox 817 1413 1026 1479; x_wconf 87' lang='lat' dir='ltr'><strong>modis</strong></span> <span class='ocrx_word' id='word_1_91' title='bbox 1099 1414 1412 1499; x_wconf 89' lang='lat' dir='ltr'><strong>ludusque</strong></span> <span class='ocrx_word' id='word_1_92' title='bbox 1454 1418 1742 1499; x_wconf 87' lang='lat' dir='ltr'><strong>repertus</strong></span> <span class='ocrx_word' id='word_1_93' title='bbox 1752 1464 1772 1500; x_wconf 93' lang='lat'><strong>,</strong></span> <span class='ocrx_word' id='word_1_94' title='bbox 2028 1429 2131 1481; x_wconf 83' lang='lat'><strong>405</strong></span> 
     </span>
     <span class='ocr_line' id='line_1_15' title="bbox 202 1462 1805 1597; baseline -0.001 -32"><span class='ocrx_word' id='word_1_95' title='bbox 202 1500 290 1566; x_wconf 84' lang='lat' dir='ltr'><strong>Et</strong></span> <span class='ocrx_word' id='word_1_96' title='bbox 329 1500 670 1597; x_wconf 78' lang='lat' dir='ltr'><strong>longorum</strong></span> <span class='ocrx_word' id='word_1_97' title='bbox 713 1520 977 1584; x_wconf 88' lang='lat' dir='ltr'><strong>operum</strong></span> <span class='ocrx_word' id='word_1_98' title='bbox 1018 1462 1197 1565; x_wconf 70' lang='lat' dir='ltr'><strong>finis:</strong></span> <span class='ocrx_word' id='word_1_99' title='bbox 1240 1521 1325 1564; x_wconf 91' lang='lat' dir='ltr'><strong>ne</strong></span> <span class='ocrx_word' id='word_1_100' title='bbox 1368 1499 1535 1564; x_wconf 86' lang='lat' dir='ltr'><strong>forte</strong></span> <span class='ocrx_word' id='word_1_101' title='bbox 1575 1500 1805 1584; x_wconf 89' lang='lat' dir='ltr'><strong>pudori</strong></span> 
     </span>
    </p>

    <p class='ocr_par' dir='ltr' id='par_1_8' title="bbox 200 1583 2132 2004">
     <span class='ocr_line' id='line_1_16' title="bbox 204 1583 1853 1669; baseline 0 -20"><span class='ocrx_word' id='word_1_102' title='bbox 204 1584 301 1651; x_wconf 88' lang='lat' dir='ltr'><strong>Sit</strong></span> <span class='ocrx_word' id='word_1_103' title='bbox 338 1583 461 1649; x_wconf 81' lang='lat' dir='ltr'><strong>tib1</strong></span> <span class='ocrx_word' id='word_1_104' title='bbox 501 1584 689 1649; x_wconf 87' lang='lat' dir='ltr'><strong>Musa</strong></span> <span class='ocrx_word' id='word_1_105' title='bbox 730 1584 905 1668; x_wconf 85' lang='lat' dir='ltr'><strong>lyrae</strong></span> <span class='ocrx_word' id='word_1_106' title='bbox 948 1583 1173 1649; x_wconf 84' lang='lat' dir='ltr'><strong>sollers</strong></span> <span class='ocrx_word' id='word_1_107' title='bbox 1218 1586 1285 1649; x_wconf 89' lang='lat' dir='ltr'><strong>et</strong></span> <span class='ocrx_word' id='word_1_108' title='bbox 1326 1587 1553 1649; x_wconf 89' lang='lat' dir='ltr'><strong>cantor</strong></span> <span class='ocrx_word' id='word_1_109' title='bbox 1593 1584 1853 1669; x_wconf 76' lang='lat' dir='ltr'><strong>Apollo,</strong></span> 
     </span>
     <span class='ocr_line' id='line_1_17' title="bbox 200 1668 1657 1754; baseline 0 -20"><span class='ocrx_word' id='word_1_110' title='bbox 200 1668 444 1735; x_wconf 86' lang='lat' dir='ltr'><strong>Natura</strong></span> <span class='ocrx_word' id='word_1_111' title='bbox 485 1669 668 1734; x_wconf 88' lang='lat' dir='ltr'><strong>fieret</strong></span> <span class='ocrx_word' id='word_1_112' title='bbox 707 1668 1025 1734; x_wconf 81' lang='lat' dir='ltr'><strong>laudabile</strong></span> <span class='ocrx_word' id='word_1_113' title='bbox 1068 1690 1324 1734; x_wconf 89' lang='lat' dir='ltr'><strong>carmen</strong></span> <span class='ocrx_word' id='word_1_114' title='bbox 1365 1691 1451 1735; x_wconf 85' lang='lat' dir='ltr'><strong>an</strong></span> <span class='ocrx_word' id='word_1_115' title='bbox 1493 1671 1657 1754; x_wconf 86' lang='lat' dir='ltr'><strong>arte,</strong></span> 
     </span>
     <span class='ocr_line' id='line_1_18' title="bbox 202 1752 1972 1838; baseline 0.001 -20"><span class='ocrx_word' id='word_1_116' title='bbox 202 1753 663 1829; x_wconf 84' lang='lat' dir='ltr'><strong>Quaesitumst:</strong></span> <span class='ocrx_word' id='word_1_117' title='bbox 707 1774 828 1838; x_wconf 86' lang='lat' dir='ltr'><strong>ego</strong></span> <span class='ocrx_word' id='word_1_118' title='bbox 870 1774 991 1818; x_wconf 91' lang='lat' dir='ltr'><strong>nec</strong></span> <span class='ocrx_word' id='word_1_119' title='bbox 1034 1752 1316 1818; x_wconf 89' lang='lat' dir='ltr'><strong>studium</strong></span> <span class='ocrx_word' id='word_1_120' title='bbox 1359 1755 1498 1818; x_wconf 87' lang='lat' dir='ltr'><strong>sine</strong></span> <span class='ocrx_word' id='word_1_121' title='bbox 1541 1753 1737 1818; x_wconf 83' lang='lat' dir='ltr'><strong>divite</strong></span> <span class='ocrx_word' id='word_1_122' title='bbox 1778 1775 1972 1837; x_wconf 82' lang='lat' dir='ltr'><strong>vena,</strong></span> 
     </span>
     <span class='ocr_line' id='line_1_19' title="bbox 200 1835 2132 1921; baseline -0.002 -18"><span class='ocrx_word' id='word_1_123' title='bbox 200 1837 339 1903; x_wconf 86' lang='lat' dir='ltr'><strong>Nec</strong></span> <span class='ocrx_word' id='word_1_124' title='bbox 365 1836 521 1901; x_wconf 89' lang='lat' dir='ltr'><strong>rude</strong></span> <span class='ocrx_word' id='word_1_125' title='bbox 563 1836 716 1919; x_wconf 90' lang='lat' dir='ltr'><strong>quid</strong></span> <span class='ocrx_word' id='word_1_126' title='bbox 757 1836 966 1919; x_wconf 87' lang='lat' dir='ltr'><strong>possit</strong></span> <span class='ocrx_word' id='word_1_127' title='bbox 991 1835 1175 1901; x_wconf 84' lang='lat' dir='ltr'><strong>video</strong></span> <span class='ocrx_word' id='word_1_128' title='bbox 1209 1837 1571 1921; x_wconf 85' lang='lat' dir='ltr'><strong>ingenium:</strong></span> <span class='ocrx_word' id='word_1_129' title='bbox 1617 1837 1876 1902; x_wconf 87' lang='lat' dir='ltr'><strong>alterius</strong></span> <span class='ocrx_word' id='word_1_130' title='bbox 1906 1838 1999 1902; x_wconf 89' lang='lat' dir='ltr'><strong>sic</strong></span> <span class='ocrx_word' id='word_1_131' title='bbox 2026 1850 2132 1900; x_wconf 86' lang='grc'><strong>410</strong></span> 
     </span>
     <span class='ocr_line' id='line_1_20' title="bbox 200 1920 1752 2004; baseline 0.001 -18"><span class='ocrx_word' id='word_1_132' title='bbox 200 1920 424 1986; x_wconf 86' lang='lat' dir='ltr'><strong>Altera</strong></span> <span class='ocrx_word' id='word_1_133' title='bbox 463 1920 672 2004; x_wconf 90' lang='lat' dir='ltr'><strong>poscit</strong></span> <span class='ocrx_word' id='word_1_134' title='bbox 715 1940 903 2004; x_wconf 89' lang='lat' dir='ltr'><strong>opem</strong></span> <span class='ocrx_word' id='word_1_135' title='bbox 943 1940 1046 1985; x_wconf 90' lang='lat' dir='ltr'><strong>res</strong></span> <span class='ocrx_word' id='word_1_136' title='bbox 1091 1922 1155 1985; x_wconf 88' lang='lat' dir='ltr'><strong>et</strong></span> <span class='ocrx_word' id='word_1_137' title='bbox 1196 1920 1491 1987; x_wconf 87' lang='lat' dir='ltr'><strong>coniurat</strong></span> <span class='ocrx_word' id='word_1_138' title='bbox 1531 1921 1752 1988; x_wconf 88' lang='lat' dir='ltr'><strong>amice.</strong></span> 
     </span>
    </p>

    <p class='ocr_par' dir='ltr' id='par_1_9' title="bbox 203 2004 1873 2091">
     <span class='ocr_line' id='line_1_21' title="bbox 203 2004 1873 2091; baseline 0.002 -22"><span class='ocrx_word' id='word_1_139' title='bbox 203 2005 326 2080; x_wconf 82' lang='lat' dir='ltr'><strong>Qui</strong></span> <span class='ocrx_word' id='word_1_140' title='bbox 371 2004 585 2069; x_wconf 85' lang='lat' dir='ltr'><strong>studet</strong></span> <span class='ocrx_word' id='word_1_141' title='bbox 625 2007 914 2090; x_wconf 83' lang='lat' dir='ltr'><strong>optatam</strong></span> <span class='ocrx_word' id='word_1_142' title='bbox 955 2026 1144 2070; x_wconf 87' lang='lat' dir='ltr'><strong>cursu</strong></span> <span class='ocrx_word' id='word_1_143' title='bbox 1188 2005 1564 2091; x_wconf 86' lang='lat' dir='ltr'><strong>contingere</strong></span> <span class='ocrx_word' id='word_1_144' title='bbox 1605 2010 1873 2091; x_wconf 84' lang='lat' dir='ltr'><strong>metam,</strong></span> 
     </span>
    </p>

    <p class='ocr_par' dir='ltr' id='par_1_10' title="bbox 196 2088 2128 2595">
     <span class='ocr_line' id='line_1_22' title="bbox 201 2088 1761 2175; baseline 0.001 -21"><span class='ocrx_word' id='word_1_145' title='bbox 201 2088 408 2154; x_wconf 85' lang='lat' dir='ltr'><strong>Multa</strong></span> <span class='ocrx_word' id='word_1_146' title='bbox 448 2089 598 2153; x_wconf 92' lang='lat' dir='ltr'><strong>tulit</strong></span> <span class='ocrx_word' id='word_1_147' title='bbox 634 2088 909 2174; x_wconf 74' lang='lat' dir='ltr'><strong>fecitque</strong></span> <span class='ocrx_word' id='word_1_148' title='bbox 950 2111 1136 2174; x_wconf 88' lang='lat' dir='ltr'><strong>puer,</strong></span> <span class='ocrx_word' id='word_1_149' title='bbox 1181 2090 1434 2155; x_wconf 87' lang='lat' dir='ltr'><strong>sudavit</strong></span> <span class='ocrx_word' id='word_1_150' title='bbox 1475 2093 1541 2155; x_wconf 89' lang='lat' dir='ltr'><strong>et</strong></span> <span class='ocrx_word' id='word_1_151' title='bbox 1582 2091 1761 2175; x_wconf 87' lang='lat' dir='ltr'><strong>alsit,</strong></span> 
     </span>
     <span class='ocr_line' id='line_1_23' title="bbox 200 2173 1826 2259; baseline 0.002 -21"><span class='ocrx_word' id='word_1_152' title='bbox 200 2173 533 2238; x_wconf 75' lang='lat' dir='ltr'><strong>Abstinuit</strong></span> <span class='ocrx_word' id='word_1_153' title='bbox 574 2195 802 2239; x_wconf 82' lang='lat' dir='ltr'><strong>venere</strong></span> <span class='ocrx_word' id='word_1_154' title='bbox 845 2177 912 2239; x_wconf 90' lang='lat' dir='ltr'><strong>et</strong></span> <span class='ocrx_word' id='word_1_155' title='bbox 950 2174 1128 2258; x_wconf 81' lang='lat' dir='ltr'><strong>vin03</strong></span> <span class='ocrx_word' id='word_1_156' title='bbox 1179 2175 1290 2258; x_wconf 92' lang='lat' dir='ltr'><strong>qui</strong></span> <span class='ocrx_word' id='word_1_157' title='bbox 1330 2174 1563 2259; x_wconf 82' lang='lat' dir='ltr'><strong>Pythia</strong></span> <span class='ocrx_word' id='word_1_158' title='bbox 1606 2178 1826 2241; x_wconf 83' lang='lat' dir='ltr'><strong>cantat</strong></span> 
     </span>
     <span class='ocr_line' id='line_1_24' title="bbox 201 2257 2128 2346; baseline 0.001 -24"><span class='ocrx_word' id='word_1_159' title='bbox 201 2257 494 2343; x_wconf 84' lang='lat' dir='ltr'><strong>Tibicen,</strong></span> <span class='ocrx_word' id='word_1_160' title='bbox 539 2258 762 2324; x_wconf 78' lang='lat' dir='ltr'><strong>didicit</strong></span> <span class='ocrx_word' id='word_1_161' title='bbox 800 2259 979 2344; x_wconf 90' lang='lat' dir='ltr'><strong>prius</strong></span> <span class='ocrx_word' id='word_1_162' title='bbox 1023 2259 1440 2343; x_wconf 77' lang='lat' dir='ltr'><strong>extimuitque</strong></span> <span class='ocrx_word' id='word_1_163' title='bbox 1482 2261 1882 2346; x_wconf 86' lang='lat' dir='ltr'><strong>magistrum.</strong></span> <span class='ocrx_word' id='word_1_164' title='bbox 2026 2273 2128 2323; x_wconf 80' lang='lat'><strong>415</strong></span> 
     </span>
     <span class='ocr_line' id='line_1_25' title="bbox 198 2342 1984 2494; baseline 0.001 -86"><span class='ocrx_word' id='word_1_165' title='bbox 198 2342 338 2409; x_wconf 91' lang='lat' dir='ltr'><strong>Nec</strong></span> <span class='ocrx_word' id='word_1_166' title='bbox 382 2343 539 2408; x_wconf 87' lang='lat' dir='ltr'><strong>satis</strong></span> <span class='ocrx_word' id='word_1_167' title='bbox 582 2345 682 2408; x_wconf 90' lang='lat' dir='ltr'><strong>est</strong></span> <span class='ocrx_word' id='word_1_168' title='bbox 723 2343 958 2410; x_wconf 82' lang='lat' dir='ltr'><strong>dixisse</strong></span> <span class='ocrx_word' id='word_1_169' title='bbox 1002 2348 1148 2441; x_wconf 76' lang='lat' dir='ltr'><strong>‘ego</strong></span> <span class='ocrx_word' id='word_1_170' title='bbox 1190 2344 1356 2408; x_wconf 85' lang='lat' dir='ltr'><strong>mira</strong></span> <span class='ocrx_word' id='word_1_171' title='bbox 1396 2346 1697 2428; x_wconf 85' lang='lat' dir='ltr'><strong>poemata</strong></span> <span class='ocrx_word' id='word_1_172' title='bbox 1734 2365 1984 2494; x_wconf 47' lang='lat' dir='ltr'><strong>{3qu</strong></span> 
     </span>
     <span class='ocr_line' id='line_1_26' title="bbox 199 2426 2031 2515; baseline 0.001 -22"><span class='ocrx_word' id='word_1_173' title='bbox 199 2426 487 2511; x_wconf 86' lang='lat' dir='ltr'><strong>Occupet</strong></span> <span class='ocrx_word' id='word_1_174' title='bbox 527 2431 877 2493; x_wconf 75' lang='lat' dir='ltr'><strong>extremm</strong></span> <span class='ocrx_word' id='word_1_175' title='bbox 918 2427 1193 2512; x_wconf 78' lang='lat' dir='ltr'><strong>scabies3</strong></span> <span class='ocrx_word' id='word_1_176' title='bbox 1237 2427 1399 2492; x_wconf 87' lang='lat' dir='ltr'><strong>mihi</strong></span> <span class='ocrx_word' id='word_1_177' title='bbox 1440 2431 1626 2513; x_wconf 86' lang='lat' dir='ltr'><strong>turpe</strong></span> <span class='ocrx_word' id='word_1_178' title='bbox 1664 2450 1733 2494; x_wconf 90' lang='lat' dir='ltr'><strong>re</strong></span> <span class='ocrx_word' id='word_1_179' title='bbox 1766 2430 1779 2442; x_wconf 84' lang='lat'><strong><em>‘</em></strong></span> <span class='ocrx_word' id='word_1_180' title='bbox 1831 2430 2031 2515; x_wconf 89' lang='lat' dir='ltr'><strong>quist,</strong></span> 
     </span>
     <span class='ocr_line' id='line_1_27' title="bbox 196 2510 1667 2595; baseline 0.002 -18"><span class='ocrx_word' id='word_1_181' title='bbox 196 2510 289 2577; x_wconf 83' lang='lat' dir='ltr'><strong>Et</strong></span> <span class='ocrx_word' id='word_1_182' title='bbox 329 2510 500 2595; x_wconf 90' lang='lat' dir='ltr'><strong>quod</strong></span> <span class='ocrx_word' id='word_1_183' title='bbox 542 2533 677 2579; x_wconf 89' lang='lat' dir='ltr'><strong>non</strong></span> <span class='ocrx_word' id='word_1_184' title='bbox 720 2511 913 2577; x_wconf 89' lang='lat' dir='ltr'><strong>didici</strong></span> <span class='ocrx_word' id='word_1_185' title='bbox 956 2532 1108 2577; x_wconf 90' lang='lat' dir='ltr'><strong>sane</strong></span> <span class='ocrx_word' id='word_1_186' title='bbox 1149 2512 1396 2578; x_wconf 83' lang='lat' dir='ltr'><strong>nescire</strong></span> <span class='ocrx_word' id='word_1_187' title='bbox 1439 2512 1667 2580; x_wconf 68' lang='lat' dir='ltr'><strong>fateri?</strong></span> 
     </span>
    </p>

    <p class='ocr_par' dir='ltr' id='par_1_11' title="bbox 192 2594 2128 2850">
     <span class='ocr_line' id='line_1_28' title="bbox 195 2594 1999 2694; baseline 0.001 -33"><span class='ocrx_word' id='word_1_188' title='bbox 195 2594 289 2661; x_wconf 89' lang='lat' dir='ltr'><strong>Vt</strong></span> <span class='ocrx_word' id='word_1_189' title='bbox 328 2616 587 2679; x_wconf 81' lang='lat' dir='ltr'><strong>praece,</strong></span> <span class='ocrx_word' id='word_1_190' title='bbox 632 2595 714 2660; x_wconf 89' lang='lat' dir='ltr'><strong>ad</strong></span> <span class='ocrx_word' id='word_1_191' title='bbox 741 2616 982 2661; x_wconf 90' lang='lat' dir='ltr'><strong>merces</strong></span> <span class='ocrx_word' id='word_1_192' title='bbox 1022 2596 1278 2661; x_wconf 87' lang='lat' dir='ltr'><strong>turbam</strong></span> <span class='ocrx_word' id='word_1_193' title='bbox 1322 2597 1432 2694; x_wconf 76' lang='lat' dir='ltr'><strong>qui</strong></span> <span class='ocrx_word' id='word_1_194' title='bbox 1463 2598 1642 2683; x_wconf 86' lang='lat' dir='ltr'><strong>cogit</strong></span> <span class='ocrx_word' id='word_1_195' title='bbox 1668 2599 1999 2681; x_wconf 89' lang='lat' dir='ltr'><strong>emendas,</strong></span> 
     </span>
     <span class='ocr_line' id='line_1_29' title="bbox 195 2678 2128 2766; baseline 0.001 -22"><span class='ocrx_word' id='word_1_196' title='bbox 195 2679 659 2745; x_wconf 85' lang='lat' dir='ltr'><strong>Adsentatores</strong></span> <span class='ocrx_word' id='word_1_197' title='bbox 701 2679 880 2744; x_wconf 89' lang='lat' dir='ltr'><strong>iubet</strong></span> <span class='ocrx_word' id='word_1_198' title='bbox 920 2678 1001 2744; x_wconf 86' lang='lat' dir='ltr'><strong>ad</strong></span> <span class='ocrx_word' id='word_1_199' title='bbox 1043 2680 1289 2746; x_wconf 91' lang='lat' dir='ltr'><strong>lucrum</strong></span> <span class='ocrx_word' id='word_1_200' title='bbox 1332 2703 1425 2747; x_wconf 89' lang='lat' dir='ltr'><strong>1re</strong></span> <span class='ocrx_word' id='word_1_201' title='bbox 1465 2686 1660 2766; x_wconf 88' lang='lat' dir='ltr'><strong>poeta</strong></span> <span class='ocrx_word' id='word_1_202' title='bbox 2024 2693 2128 2745; x_wconf 82' lang='lat'><strong>420</strong></span> 
     </span>
     <span class='ocr_line' id='line_1_30' title="bbox 192 2763 1846 2850; baseline 0.001 -21"><span class='ocrx_word' id='word_1_203' title='bbox 192 2763 394 2830; x_wconf 84' lang='lat' dir='ltr'><strong>Dives</strong></span> <span class='ocrx_word' id='word_1_204' title='bbox 438 2764 642 2849; x_wconf 87' lang='lat' dir='ltr'><strong>agris,</strong></span> <span class='ocrx_word' id='word_1_205' title='bbox 686 2763 861 2829; x_wconf 80' lang='lat' dir='ltr'><strong>dives</strong></span> <span class='ocrx_word' id='word_1_206' title='bbox 901 2765 1132 2850; x_wconf 89' lang='lat' dir='ltr'><strong>positis</strong></span> <span class='ocrx_word' id='word_1_207' title='bbox 1174 2765 1245 2830; x_wconf 89' lang='lat' dir='ltr'><strong>in</strong></span> <span class='ocrx_word' id='word_1_208' title='bbox 1286 2765 1507 2830; x_wconf 86' lang='lat' dir='ltr'><strong>fenore</strong></span> <span class='ocrx_word' id='word_1_209' title='bbox 1546 2766 1846 2830; x_wconf 90' lang='lat' dir='ltr'><strong>nummis.</strong></span> 
     </span>
    </p>

    <p class='ocr_par' dir='ltr' id='par_1_12' title="bbox 194 2847 1754 2933">
     <span class='ocr_line' id='line_1_31' title="bbox 194 2847 1754 2933; baseline 0 -20"><span class='ocrx_word' id='word_1_210' title='bbox 194 2847 265 2913; x_wconf 84' lang='lat' dir='ltr'><strong>Si</strong></span> <span class='ocrx_word' id='word_1_211' title='bbox 308 2852 551 2932; x_wconf 84' lang='lat' dir='ltr'><strong>verost,</strong></span> <span class='ocrx_word' id='word_1_212' title='bbox 595 2851 861 2914; x_wconf 87' lang='lat' dir='ltr'><strong>unctum</strong></span> <span class='ocrx_word' id='word_1_213' title='bbox 904 2849 1014 2933; x_wconf 87' lang='lat' dir='ltr'><strong>qui</strong></span> <span class='ocrx_word' id='word_1_214' title='bbox 1055 2852 1225 2914; x_wconf 89' lang='lat' dir='ltr'><strong>recte</strong></span> <span class='ocrx_word' id='word_1_215' title='bbox 1268 2870 1505 2933; x_wconf 88' lang='lat' dir='ltr'><strong>ponere</strong></span> <span class='ocrx_word' id='word_1_216' title='bbox 1545 2849 1754 2933; x_wconf 88' lang='lat' dir='ltr'><strong>possit</strong></span> 
     </span>
    </p>

    <p class='ocr_par' dir='ltr' id='par_1_13' title="bbox 191 2931 1888 3102">
     <span class='ocr_line' id='line_1_32' title="bbox 191 2931 1888 3018; baseline 0.001 -21"><span class='ocrx_word' id='word_1_217' title='bbox 191 2931 285 2997; x_wconf 85' lang='lat' dir='ltr'><strong>Et</strong></span> <span class='ocrx_word' id='word_1_218' title='bbox 327 2933 641 3018; x_wconf 86' lang='lat' dir='ltr'><strong>spondere</strong></span> <span class='ocrx_word' id='word_1_219' title='bbox 685 2933 812 2998; x_wconf 81' lang='lat' dir='ltr'><strong>levi</strong></span> <span class='ocrx_word' id='word_1_220' title='bbox 852 2954 970 3017; x_wconf 89' lang='lat' dir='ltr'><strong>pro</strong></span> <span class='ocrx_word' id='word_1_221' title='bbox 1014 2954 1296 3018; x_wconf 89' lang='lat' dir='ltr'><strong>paupere</strong></span> <span class='ocrx_word' id='word_1_222' title='bbox 1340 2934 1405 2997; x_wconf 93' lang='lat' dir='ltr'><strong>et</strong></span> <span class='ocrx_word' id='word_1_223' title='bbox 1446 2933 1690 3017; x_wconf 89' lang='lat' dir='ltr'><strong>eripere</strong></span> <span class='ocrx_word' id='word_1_224' title='bbox 1732 2933 1888 2998; x_wconf 87' lang='lat' dir='ltr'><strong>artis</strong></span> 
     </span>
     <span class='ocr_line' id='line_1_33' title="bbox 191 3015 1747 3102; baseline 0.002 -23"><span class='ocrx_word' id='word_1_225' title='bbox 191 3015 446 3083; x_wconf 88' lang='lat' dir='ltr'><strong>Litibus</strong></span> <span class='ocrx_word' id='word_1_226' title='bbox 490 3017 881 3102; x_wconf 85' lang='lat' dir='ltr'><strong>inplicitum,</strong></span> <span class='ocrx_word' id='word_1_227' title='bbox 924 3017 1234 3100; x_wconf 87' lang='lat' dir='ltr'><strong>mirabor,</strong></span> <span class='ocrx_word' id='word_1_228' title='bbox 1279 3017 1336 3082; x_wconf 92' lang='lat' dir='ltr'><strong>si</strong></span> <span class='ocrx_word' id='word_1_229' title='bbox 1379 3018 1539 3083; x_wconf 89' lang='lat' dir='ltr'><strong>sciet</strong></span> <span class='ocrx_word' id='word_1_230' title='bbox 1577 3017 1747 3083; x_wconf 92' lang='lat' dir='ltr'><strong>inter</strong></span> 
     </span>
    </p>

    <p class='ocr_par' dir='ltr' id='par_1_14' title="bbox 187 3098 2127 3270">
     <span class='ocr_line' id='line_1_34' title="bbox 187 3098 2127 3168; baseline 0.001 -3"><span class='ocrx_word' id='word_1_231' title='bbox 187 3098 260 3165; x_wconf 92' lang='lat' dir='ltr'>N</span> <span class='ocrx_word' id='word_1_232' title='bbox 262 3120 479 3166; x_wconf 88' lang='lat' dir='ltr'><strong>osoere</strong></span> <span class='ocrx_word' id='word_1_233' title='bbox 519 3102 891 3168; x_wconf 87' lang='lat' dir='ltr'><strong>mendacem</strong></span> <span class='ocrx_word' id='word_1_234' title='bbox 932 3122 1153 3166; x_wconf 82' lang='lat' dir='ltr'><strong>verum</strong></span> <span class='ocrx_word' id='word_1_235' title='bbox 1196 3122 1278 3166; x_wconf 88' lang='lat' dir='ltr'><strong>ue</strong></span> <span class='ocrx_word' id='word_1_236' title='bbox 1319 3101 1542 3167; x_wconf 87' lang='lat' dir='ltr'><strong>beatus</strong></span> <span class='ocrx_word' id='word_1_237' title='bbox 1586 3103 1879 3167; x_wconf 85' lang='lat' dir='ltr'><strong>amicum.</strong></span> <span class='ocrx_word' id='word_1_238' title='bbox 2024 3112 2127 3167; x_wconf 74' lang='lat'><strong>42⁶</strong></span> 
     </span>
     <span class='ocr_line' id='line_1_35' title="bbox 187 3183 1778 3270; baseline 0.004 -24"><span class='ocrx_word' id='word_1_239' title='bbox 187 3183 293 3248; x_wconf 79' lang='lat' dir='ltr'><strong>Tu</strong></span> <span class='ocrx_word' id='word_1_240' title='bbox 339 3204 455 3247; x_wconf 86' lang='lat' dir='ltr'><strong>seu</strong></span> <span class='ocrx_word' id='word_1_241' title='bbox 496 3184 750 3251; x_wconf 87' lang='lat' dir='ltr'><strong>donaris</strong></span> <span class='ocrx_word' id='word_1_242' title='bbox 796 3207 909 3251; x_wconf 89' lang='lat' dir='ltr'><strong>seu</strong></span> <span class='ocrx_word' id='word_1_243' title='bbox 952 3186 1104 3270; x_wconf 88' lang='lat' dir='ltr'><strong>quid</strong></span> <span class='ocrx_word' id='word_1_244' title='bbox 1191 3207 1386 3252; x_wconf 86' lang='lat' dir='ltr'><strong>onare</strong></span> <span class='ocrx_word' id='word_1_245' title='bbox 1428 3187 1604 3252; x_wconf 81' lang='lat' dir='ltr'><strong>voles</strong></span> <span class='ocrx_word' id='word_1_246' title='bbox 1649 3187 1778 3269; x_wconf 86' lang='lat' dir='ltr'><strong>cui,</strong></span> 
     </span>
    </p>

    <p class='ocr_par' dir='ltr' id='par_1_15' title="bbox 179 3265 1968 3526">
     <span class='ocr_line' id='line_1_36' title="bbox 184 3265 1794 3355; baseline 0 -20"><span class='ocrx_word' id='word_1_247' title='bbox 184 3267 422 3335; x_wconf 89' lang='lat' dir='ltr'><strong>Nolito</strong></span> <span class='ocrx_word' id='word_1_248' title='bbox 466 3265 547 3331; x_wconf 86' lang='lat' dir='ltr'><strong>ad</strong></span> <span class='ocrx_word' id='word_1_249' title='bbox 588 3291 807 3336; x_wconf 85' lang='lat' dir='ltr'><strong>versus</strong></span> <span class='ocrx_word' id='word_1_250' title='bbox 848 3270 971 3337; x_wconf 88' lang='lat' dir='ltr'><strong>tibi</strong></span> <span class='ocrx_word' id='word_1_251' title='bbox 1012 3271 1218 3336; x_wconf 85' lang='lat' dir='ltr'><strong>factos</strong></span> <span class='ocrx_word' id='word_1_252' title='bbox 1263 3271 1490 3337; x_wconf 86' lang='lat' dir='ltr'><strong>ducere</strong></span> <span class='ocrx_word' id='word_1_253' title='bbox 1532 3270 1794 3355; x_wconf 89' lang='lat' dir='ltr'><strong>plenum</strong></span> 
     </span>
     <span class='ocr_line' id='line_1_37' title="bbox 181 3351 1968 3440; baseline 0.001 -21"><span class='ocrx_word' id='word_1_254' title='bbox 181 3351 539 3436; x_wconf 84' lang='lat' dir='ltr'><strong>Laetitiae,</strong></span> <span class='ocrx_word' id='word_1_255' title='bbox 584 3354 884 3420; x_wconf 84' lang='lat' dir='ltr'><strong>clamabit</strong></span> <span class='ocrx_word' id='word_1_256' title='bbox 927 3355 1099 3422; x_wconf 89' lang='lat' dir='ltr'><strong>enim</strong></span> <span class='ocrx_word' id='word_1_257' title='bbox 1144 3356 1464 3440; x_wconf 75' lang='lat' dir='ltr'><strong>‘pulchre,</strong></span> <span class='ocrx_word' id='word_1_258' title='bbox 1508 3355 1701 3438; x_wconf 89' lang='lat' dir='ltr'><strong>bene,</strong></span> <span class='ocrx_word' id='word_1_259' title='bbox 1745 3356 1968 3420; x_wconf 63' lang='lat' dir='ltr'><strong>recte?</strong></span> 
     </span>
     <span class='ocr_line' id='line_1_38' title="bbox 179 3436 1735 3526; baseline 0.001 -22"><span class='ocrx_word' id='word_1_260' title='bbox 179 3436 514 3504; x_wconf 86' lang='lat' dir='ltr'><strong>Pallescet</strong></span> <span class='ocrx_word' id='word_1_261' title='bbox 555 3459 745 3523; x_wconf 87' lang='lat' dir='ltr'><strong>super</strong></span> <span class='ocrx_word' id='word_1_262' title='bbox 787 3439 888 3506; x_wconf 88' lang='lat' dir='ltr'><strong>his</strong></span> <span class='ocrx_word' id='word_1_263' title='bbox 900 3490 920 3526; x_wconf 95' lang='lat'><strong>,</strong></span> <span class='ocrx_word' id='word_1_264' title='bbox 967 3441 1158 3508; x_wconf 84' lang='lat' dir='ltr'><strong>etiam</strong></span> <span class='ocrx_word' id='word_1_265' title='bbox 1202 3441 1474 3506; x_wconf 88' lang='lat' dir='ltr'><strong>stillabit</strong></span> <span class='ocrx_word' id='word_1_266' title='bbox 1515 3439 1735 3506; x_wconf 88' lang='lat' dir='ltr'><strong>amicis</strong></span> 
     </span>
    </p>
   </div>
  </div>
 </body>
</html>
