2514 3950
148 168 331 241 nm]
932 167 1147 221 Lissa
1187 167 1232 223 1.
1927 155 2054 223 203

149 331 239 394 Tu
278 328 683 394 mediastinus
727 327 919 392 tacita
960 348 1147 411 prece
1188 348 1338 391 rura
1378 329 1665 412 petebas,

146 415 206 480 N
207 436 324 478 unc
361 414 581 477 urbem
625 415 689 477 et
730 413 915 476 ludos
960 413 1026 476 et
1065 411 1296 476 balnea
1337 412 1561 476 vilicus
1605 415 1818 496 optas3
1994 420 2056 471 15

145 499 245 562 Me
288 500 569 562 constare
609 496 772 560 mihi
815 496 940 561 scis
984 499 1050 560 et
1092 494 1414 560 discedere
1456 495 1739 577 tristem,
1902 569 1909 574 ⁴

145 582 663 665 Quandocumque
705 579 971 645 trahunt
1010 580 1218 645 invisa
1260 579 1522 664 negotia
1562 578 1855 643 Romam.

142 667 285 733 Non
325 666 537 730 eadem
581 664 915 750 miramur3
961 684 1036 730 eo
1082 663 1483 729 disconvenit
1522 663 1691 726 inter

142 751 241 814 Me
282 772 357 814 ue
386 753 449 814 et
474 753 569 814 te:
612 771 766 814 nam
796 770 958 833 quae
988 749 1237 814 deserta
1267 749 1332 812 et
1358 747 1686 830 inhospita
1711 750 1935 828 tesqua

142 772 379 919 Ore‘ihs,
424 855 693 898 amoena
734 837 923 898 vocat
963 854 1215 898 mecum
1260 831 1370 915 qui
1412 832 1636 915 sentit,
1682 834 1747 895 et
1788 829 1925 927 odit
1993 841 2061 889 20

142 919 306 995 Quae
332 921 403 981 tu
429 917 701 1001 pulchra
770 920 931 981 utas.
977 916 1218 981 Fornix
1245 915 1366 980 tibi
1388 919 1454 981 et
1472 919 1669 981 uncta
1741 934 1936 998 opina

142 1002 457 1067 Incutiunt
498 999 677 1064 urbis
766 999 1104 1064 esiderium
1113 1049 1132 1084 ,
1176 999 1363 1064 video
1374 1047 1394 1083 ,
1439 1002 1505 1064 et
1545 938 1737 1088 quocf

142 1085 426 1170 Angulus
469 1083 591 1148 iste
634 1082 798 1148 feret
838 1084 1023 1167 piper
1066 1087 1131 1148 et
1172 1086 1277 1148 tus
1322 1083 1499 1148 ocius
1540 1104 1695 1166 uva,

142 1169 276 1234 Nec
315 1168 521 1233 vicina
564 1168 785 1232 subest
824 1168 1046 1231 vinum
1087 1168 1390 1252 praebere
1432 1166 1699 1231 taberna

142 1253 312 1328 Quae
352 1251 557 1335 possit
599 1251 751 1333 tibi,
792 1272 913 1316 nec
955 1251 1255 1316 meretrix
1297 1251 1598 1335 tibicina,
1651 1251 1827 1315 cuius
1995 1262 2063 1313 25

142 1336 243 1401 Ad
273 1339 399 1401 stre
444 1337 607 1400 itum
636 1335 825 1401 salias
854 1338 1059 1400 terrae
1087 1335 1335 1421 gravis:
1370 1338 1435 1400 et
1461 1339 1679 1400 tamen
1705 1356 1939 1420 urgues

142 1422 371 1505 Iampri
415 1442 517 1485 em
559 1440 694 1484 non
734 1422 912 1484 tacta
953 1420 1278 1517 ligonibus
1321 1441 1472 1484 arva
1546 1419 1898 1502 bovemque

142 1506 542 1570 Disiunctum
586 1525 767 1569 curas
812 1508 877 1568 et
919 1504 1157 1569 stnctis
1200 1504 1538 1569 frondibus
1583 1505 1826 1588 exples3

142 1590 334 1655 Addit
375 1610 534 1674 opus
577 1590 764 1675 pigro
807 1586 1013 1673 rivus„
1067 1589 1125 1653 si
1166 1588 1402 1654 decidit
1443 1589 1676 1672 imber,

142 1676 342 1740 Multa
380 1675 548 1739 mole
593 1674 915 1738 docendus
960 1674 1175 1757 aprico
1219 1694 1479 1758 parcere
1521 1677 1726 1758 prato.
2002 1682 2071 1734 3ο

142 1760 323 1825 Nunc
352 1780 472 1843 age
486 1808 501 1831 ‚
550 1758 703 1841 quid
729 1761 1023 1821 nostrum
1052 1762 1433 1821 concentum
1463 1757 1729 1840 dividat,
1774 1756 1939 1821 audi.

142 1844 341 1918 Quem
381 1845 605 1905 tenues
650 1841 913 1904 decuere
957 1844 1148 1923 togae
1190 1841 1505 1923 nitidique
1549 1842 1795 1924 capilli,

142 1927 339 2002 Quem
384 1925 507 1990 scis
551 1924 879 1989 inmunem
925 1921 1193 1989 Cinarae
1281 1924 1550 1990 lacuisse
1590 1925 1837 2008 rapaci,

142 2011 345 2086 Quem
387 2009 678 2073 bibulum
719 2008 946 2092 liquidi
988 2007 1199 2073 media
1285 2030 1319 2072 e
1362 2010 1503 2073 luce
1545 2008 1831 2091 Falerni,

142 2094 315 2160 Cena
343 2092 554 2158 brevis
584 2093 759 2158 iuvat
788 2096 853 2157 et
879 2113 1081 2177 prope
1107 2093 1315 2158 rivum
1340 2114 1602 2157 somnus
1631 2093 1702 2156 in
1729 2091 1946 2158 herba.
2004 2104 2071 2155 35

142 2179 274 2244 Nec
318 2177 548 2243 lusisse
590 2177 817 2262 pudet,
863 2177 975 2242 sed
1016 2198 1151 2242 non
1192 2177 1470 2243 incidere
1513 2177 1752 2242 ludum.

142 2263 289 2329 Non
333 2262 481 2327 istic
525 2262 782 2346 obliquo
828 2262 1011 2327 oculo
1054 2283 1197 2327 mea
1237 2262 1571 2327 commoda
1613 2261 1947 2346 quisquam

142 2348 378 2432 Limat,
421 2368 557 2412 non
600 2347 746 2412 odio
790 2346 1061 2412 obscuro
1105 2367 1446 2430 morsuque
1486 2348 1791 2430 venenat3

142 2431 380 2496 Rident
420 2432 617 2496 vicini
658 2432 947 2515 glaeba-s„
964 2434 1034 2512 et
1072 2451 1226 2510 saxa
1265 2433 1627 2495 moventem

142 2515 303 2579 Cum
341 2519 562 2581 servis.
649 2517 914 2581 Vrbana
960 2518 1161 2582 diaria
1201 2520 1427 2585 rodere
1470 2520 1713 2598 mavis,
2009 2525 2077 2576 4⁰

142 2598 395 2661 Horum
436 2598 509 2661 tu
550 2596 620 2659 in
661 2617 995 2661 numerum
1037 2601 1185 2662 voto
1230 2600 1390 2684 ruis3
1437 2600 1680 2664 invidet
1721 2620 1908 2663 usum

142 2681 500 2766 Lignorum
544 2682 609 2745 et
648 2682 895 2763 pecoris
938 2681 1060 2746 tibi
1103 2682 1240 2747 calo
1286 2685 1546 2768 argutus
1591 2684 1656 2746 et
1694 2681 1886 2746 horti.

142 2766 340 2849 Optat
386 2764 688 2849 ephippia
729 2765 846 2830 bos
889 2766 1102 2851 piger,
1148 2768 1330 2848 optat
1369 2787 1546 2829 arare
1591 2765 1907 2850 caballus3

142 2849 347 2926 Quam
368 2849 494 2915 scit
520 2853 804 2934 uterque,
834 2849 1059 2931 libens,
1093 2849 1384 2931 censebo,
1415 2851 1703 2914 exerceat
1730 2852 1950 2914 artem.

1035 3139 1192 3215 XV.

142 3271 320 3347 Quae
353 3272 442 3334 sit
468 3272 672 3338 hiems
702 3272 944 3370 Veliae,
975 3272 1145 3357 quod
1175 3273 1439 3357 caelum,
1469 3272 1651 3356 Vala,
1669 3229 1951 3370 Salerni,

142 3355 437 3431 Quorum
459 3355 791 3422 hominum
809 3378 988 3444 reglo
1012 3359 1077 3421 et
1098 3358 1301 3442 qualis
1323 3358 1428 3423 via
1450 3356 1627 3440 (nam
1650 3355 1811 3421 mihi
1823 3355 2014 3422 Baias

142 3439 332 3505 Musa
379 3461 798 3525 supervacuas
843 3443 1198 3528 Antonius,
1244 3445 1311 3508 et
1350 3445 1568 3506 tamen
1612 3441 1740 3507 illis
