<?xml version="1.0" encoding="UTF-8"?>
<!DOCTYPE html PUBLIC "-//W3C//DTD XHTML 1.0 Transitional//EN"
    "http://www.w3.org/TR/xhtml1/DTD/xhtml1-transitional.dtd">
<html xmlns="http://www.w3.org/1999/xhtml" xml:lang="en" lang="en">
 <head>
  <title>
</title>
<meta http-equiv="Content-Type" content="text/html;charset=utf-8" />
  <meta name='ocr-system' content='tesseract 3.04.00' />
  <meta name='ocr-capabilities' content='ocr_page ocr_carea ocr_par ocr_line ocrx_word'/>
</head>
<body>
  <div class='ocr_page' id='page_1' title='image "./carmina00horagoog_0226.png"; bbox 0 0 2514 3950; ppageno 0'>
   <div class='ocr_carea' id='block_1_1' title="bbox 336 137 2264 215">
    <p class='ocr_par' dir='ltr' id='par_1_1' title="bbox 336 137 2264 215">
     <span class='ocr_line' id='line_1_1' title="bbox 336 137 2264 215; baseline -0.012 -10"><span class='ocrx_word' id='word_1_1' title='bbox 336 138 459 205; x_wconf 87' lang='lat'><strong>130</strong></span> <span class='ocrx_word' id='word_1_2' title='bbox 1085 137 1510 194; x_wconf 83' lang='lat' dir='ltr'><strong>SATIRARVM</strong></span> <span class='ocrx_word' id='word_1_3' title='bbox 2175 143 2264 215; x_wconf 63' lang='grc' dir='ltr'><strong>[η</strong></span> 
     </span>
    </p>
   </div>
   <div class='ocr_carea' id='block_1_2' title="bbox 310 300 2268 3514">
    <p class='ocr_par' dir='ltr' id='par_1_2' title="bbox 310 300 2268 3514">
     <span class='ocr_line' id='line_1_2' title="bbox 460 300 2268 399; baseline -0.001 -29"><span class='ocrx_word' id='word_1_4' title='bbox 460 305 644 383; x_wconf 86' lang='lat' dir='ltr'><strong>Quod</strong></span> <span class='ocrx_word' id='word_1_5' title='bbox 698 303 1000 389; x_wconf 76' lang='lat' dir='ltr'><strong>pulchrae</strong></span> <span class='ocrx_word' id='word_1_6' title='bbox 1045 302 1295 385; x_wconf 88' lang='lat' dir='ltr'><strong>clunes,</strong></span> <span class='ocrx_word' id='word_1_7' title='bbox 1349 300 1539 366; x_wconf 89' lang='lat' dir='ltr'><strong>breve</strong></span> <span class='ocrx_word' id='word_1_8' title='bbox 1595 301 1765 399; x_wconf 84' lang='lat' dir='ltr'><strong>quod</strong></span> <span class='ocrx_word' id='word_1_9' title='bbox 1809 306 2030 387; x_wconf 89' lang='lat' dir='ltr'><strong>caput,</strong></span> <span class='ocrx_word' id='word_1_10' title='bbox 2074 303 2268 370; x_wconf 85' lang='lat' dir='ltr'><strong>ardua</strong></span> 
     </span>
     <span class='ocr_line' id='line_1_3' title="bbox 1555 406 1786 451; baseline 0 -1"><span class='ocrx_word' id='word_1_11' title='bbox 1555 406 1786 451; x_wconf 75' lang='lat' dir='ltr'><strong>cervix.</strong></span> 
     </span>
     <span class='ocr_line' id='line_1_4' title="bbox 358 469 2003 558; baseline -0.002 -17"><span class='ocrx_word' id='word_1_12' title='bbox 358 489 426 540; x_wconf 83' lang='grc'><strong>90</strong></span> <span class='ocrx_word' id='word_1_13' title='bbox 454 475 597 540; x_wconf 89' lang='lat' dir='ltr'><strong>Hoc</strong></span> <span class='ocrx_word' id='word_1_14' title='bbox 639 475 736 539; x_wconf 93' lang='lat' dir='ltr'><strong>illi</strong></span> <span class='ocrx_word' id='word_1_15' title='bbox 778 475 979 558; x_wconf 82' lang='lat' dir='ltr'><strong>recte3</strong></span> <span class='ocrx_word' id='word_1_16' title='bbox 1022 493 1106 536; x_wconf 89' lang='lat' dir='ltr'><strong>ne</strong></span> <span class='ocrx_word' id='word_1_17' title='bbox 1150 492 1225 537; x_wconf 93' lang='lat' dir='ltr'><strong>co</strong></span> <span class='ocrx_word' id='word_1_18' title='bbox 1306 472 1438 536; x_wconf 90' lang='lat' dir='ltr'><strong>oris</strong></span> <span class='ocrx_word' id='word_1_19' title='bbox 1480 471 1722 555; x_wconf 91' lang='lat' dir='ltr'><strong>optima</strong></span> <span class='ocrx_word' id='word_1_20' title='bbox 1762 469 2003 555; x_wconf 82' lang='lat' dir='ltr'><strong>Lyncei</strong></span> 
     </span>
     <span class='ocr_line' id='line_1_5' title="bbox 461 555 2011 643; baseline -0.003 -18"><span class='ocrx_word' id='word_1_21' title='bbox 461 558 908 643; x_wconf 78' lang='lat' dir='ltr'><strong>contemplere</strong></span> <span class='ocrx_word' id='word_1_22' title='bbox 952 556 1186 639; x_wconf 89' lang='lat' dir='ltr'><strong>oculis,</strong></span> <span class='ocrx_word' id='word_1_23' title='bbox 1300 577 1537 640; x_wconf 87' lang='lat' dir='ltr'><strong>ypsaea</strong></span> <span class='ocrx_word' id='word_1_24' title='bbox 1580 555 1846 621; x_wconf 90' lang='lat' dir='ltr'><strong>caecior·</strong></span> <span class='ocrx_word' id='word_1_25' title='bbox 1868 557 2011 640; x_wconf 85' lang='lat' dir='ltr'><strong>illa,</strong></span> 
     </span>
     <span class='ocr_line' id='line_1_6' title="bbox 459 640 2261 789; baseline -0.001 -80"><span class='ocrx_word' id='word_1_26' title='bbox 459 645 633 722; x_wconf 83' lang='lat' dir='ltr'><strong>Quae</strong></span> <span class='ocrx_word' id='word_1_27' title='bbox 677 643 845 707; x_wconf 88' lang='lat' dir='ltr'><strong>mala</strong></span> <span class='ocrx_word' id='word_1_28' title='bbox 887 644 1067 726; x_wconf 86' lang='lat' dir='ltr'><strong>sunt,</strong></span> <span class='ocrx_word' id='word_1_29' title='bbox 1122 643 1389 724; x_wconf 88' lang='lat' dir='ltr'><strong>spectes.</strong></span> <span class='ocrx_word' id='word_1_30' title='bbox 1485 640 1797 789; x_wconf 56' lang='grc' dir='ltr'><strong>εΟγωᾞε»,</strong></span> <span class='ocrx_word' id='word_1_31' title='bbox 1834 660 1873 704; x_wconf 97' lang='lat' dir='ltr'><strong>o</strong></span> <span class='ocrx_word' id='word_1_32' title='bbox 1913 641 2261 707; x_wconf 75' lang='lat' dir='ltr'><strong>bracchial’</strong></span> 
     </span>
     <span class='ocr_line' id='line_1_7' title="bbox 1615 746 1792 790; baseline 0.006 -1"><span class='ocrx_word' id='word_1_33' title='bbox 1615 746 1792 790; x_wconf 81' lang='lat' dir='ltr'><strong>erum</strong></span> 
     </span>
     <span class='ocr_line' id='line_1_8' title="bbox 454 810 2183 898; baseline -0.002 -19"><span class='ocrx_word' id='word_1_34' title='bbox 454 813 743 898; x_wconf 88' lang='lat' dir='ltr'><strong>Depugis</strong></span> <span class='ocrx_word' id='word_1_35' title='bbox 757 860 776 895; x_wconf 89' lang='lat'><em>‚</em></span> <span class='ocrx_word' id='word_1_36' title='bbox 818 814 1074 894; x_wconf 88' lang='lat' dir='ltr'><strong>nasuta,</strong></span> <span class='ocrx_word' id='word_1_37' title='bbox 1118 810 1298 875; x_wconf 88' lang='lat' dir='ltr'><strong>brevi</strong></span> <span class='ocrx_word' id='word_1_38' title='bbox 1340 810 1537 874; x_wconf 89' lang='lat' dir='ltr'><strong>latere</strong></span> <span class='ocrx_word' id='word_1_39' title='bbox 1582 830 1657 873; x_wconf 91' lang='lat' dir='ltr'><strong>ac</strong></span> <span class='ocrx_word' id='word_1_40' title='bbox 1700 810 1861 893; x_wconf 89' lang='lat' dir='ltr'><strong>pede</strong></span> <span class='ocrx_word' id='word_1_41' title='bbox 1904 811 2183 897; x_wconf 85' lang='lat' dir='ltr'><strong>longost.</strong></span> 
     </span>
     <span class='ocr_line' id='line_1_9' title="bbox 457 893 2219 981; baseline -0.005 -18"><span class='ocrx_word' id='word_1_42' title='bbox 457 898 794 963; x_wconf 75' lang='lat' dir='ltr'><strong>Matronae</strong></span> <span class='ocrx_word' id='word_1_43' title='bbox 837 898 1088 980; x_wconf 86' lang='lat' dir='ltr'><strong>praeter</strong></span> <span class='ocrx_word' id='word_1_44' title='bbox 1129 894 1362 959; x_wconf 89' lang='lat' dir='ltr'><strong>faciem</strong></span> <span class='ocrx_word' id='word_1_45' title='bbox 1402 893 1498 958; x_wconf 82' lang='lat' dir='ltr'><strong>nil</strong></span> <span class='ocrx_word' id='word_1_46' title='bbox 1542 914 1799 959; x_wconf 88' lang='lat' dir='ltr'><strong>cernere</strong></span> <span class='ocrx_word' id='word_1_47' title='bbox 1841 896 2080 981; x_wconf 86' lang='lat' dir='ltr'><strong>possis,</strong></span> <span class='ocrx_word' id='word_1_48' title='bbox 2207 949 2219 954; x_wconf 86' lang='lat'><strong>-</strong></span> 
     </span>
     <span class='ocr_line' id='line_1_10' title="bbox 356 978 2019 1065; baseline -0.001 -18"><span class='ocrx_word' id='word_1_49' title='bbox 356 997 421 1047; x_wconf 79' lang='lat'><strong>95</strong></span> <span class='ocrx_word' id='word_1_50' title='bbox 454 981 709 1064; x_wconf 87' lang='lat' dir='ltr'><strong>Cetera,</strong></span> <span class='ocrx_word' id='word_1_51' title='bbox 752 981 823 1045; x_wconf 83' lang='lat' dir='ltr'><strong>m‘</strong></span> <span class='ocrx_word' id='word_1_52' title='bbox 868 978 1140 1062; x_wconf 84' lang='lat' dir='ltr'><strong>Catiast‚</strong></span> <span class='ocrx_word' id='word_1_53' title='bbox 1188 978 1464 1044; x_wconf 83' lang='lat' dir='ltr'><strong>demissa</strong></span> <span class='ocrx_word' id='word_1_54' title='bbox 1504 981 1679 1043; x_wconf 89' lang='lat' dir='ltr'><strong>veste</strong></span> <span class='ocrx_word' id='word_1_55' title='bbox 1720 981 2019 1065; x_wconf 84' lang='lat' dir='ltr'><strong>tegentis.</strong></span> 
     </span>
     <span class='ocr_line' id='line_1_11' title="bbox 455 1062 2141 1149; baseline -0.001 -18"><span class='ocrx_word' id='word_1_56' title='bbox 455 1065 525 1132; x_wconf 87' lang='lat' dir='ltr'><strong>Si</strong></span> <span class='ocrx_word' id='word_1_57' title='bbox 567 1065 908 1131; x_wconf 85' lang='lat' dir='ltr'><strong>interdicta</strong></span> <span class='ocrx_word' id='word_1_58' title='bbox 949 1068 1158 1149; x_wconf 87' lang='lat' dir='ltr'><strong>petes,</strong></span> <span class='ocrx_word' id='word_1_59' title='bbox 1203 1064 1373 1129; x_wconf 84' lang='lat' dir='ltr'><strong>vallo</strong></span> <span class='ocrx_word' id='word_1_60' title='bbox 1419 1062 1840 1147; x_wconf 83' lang='lat' dir='ltr'><strong>circumdata,</strong></span> <span class='ocrx_word' id='word_1_61' title='bbox 1883 1086 2036 1129; x_wconf 86' lang='lat' dir='ltr'><strong>nam</strong></span> <span class='ocrx_word' id='word_1_62' title='bbox 2075 1068 2141 1130; x_wconf 87' lang='lat' dir='ltr'><strong>te</strong></span> 
     </span>
     <span class='ocr_line' id='line_1_12' title="bbox 452 1147 2259 1235; baseline 0 -21"><span class='ocrx_word' id='word_1_63' title='bbox 452 1149 597 1216; x_wconf 89' lang='lat' dir='ltr'><strong>Hoc</strong></span> <span class='ocrx_word' id='word_1_64' title='bbox 640 1150 799 1215; x_wconf 86' lang='lat' dir='ltr'><strong>facit</strong></span> <span class='ocrx_word' id='word_1_65' title='bbox 837 1150 1165 1233; x_wconf 88' lang='lat' dir='ltr'><strong>insanum,</strong></span> <span class='ocrx_word' id='word_1_66' title='bbox 1209 1149 1447 1213; x_wconf 87' lang='lat' dir='ltr'><strong>multae</strong></span> <span class='ocrx_word' id='word_1_67' title='bbox 1491 1147 1612 1212; x_wconf 90' lang='lat' dir='ltr'><strong>tibi</strong></span> <span class='ocrx_word' id='word_1_68' title='bbox 1653 1150 1794 1213; x_wconf 90' lang='lat' dir='ltr'><strong>tum</strong></span> <span class='ocrx_word' id='word_1_69' title='bbox 1823 1149 2109 1215; x_wconf 87' lang='lat' dir='ltr'><strong>officient</strong></span> <span class='ocrx_word' id='word_1_70' title='bbox 2133 1171 2259 1235; x_wconf 88' lang='lat' dir='ltr'><strong>res,</strong></span> 
     </span>
     <span class='ocr_line' id='line_1_13' title="bbox 453 1233 1889 1318; baseline -0.002 -18"><span class='ocrx_word' id='word_1_71' title='bbox 453 1233 794 1318; x_wconf 87' lang='lat' dir='ltr'><strong>Custodes,</strong></span> <span class='ocrx_word' id='word_1_72' title='bbox 840 1235 1094 1317; x_wconf 87' lang='lat' dir='ltr'><strong>lectica,</strong></span> <span class='ocrx_word' id='word_1_73' title='bbox 1141 1233 1500 1316; x_wconf 80' lang='lat' dir='ltr'><strong>cinifloneS‚</strong></span> <span class='ocrx_word' id='word_1_74' title='bbox 1543 1233 1860 1317; x_wconf 84' lang='lat' dir='ltr'><strong>parasitae</strong></span> <span class='ocrx_word' id='word_1_75' title='bbox 1870 1281 1889 1316; x_wconf 88' lang='lat'><em>‚</em></span> 
     </span>
     <span class='ocr_line' id='line_1_14' title="bbox 449 1317 2076 1402; baseline 0 -20"><span class='ocrx_word' id='word_1_76' title='bbox 449 1319 554 1383; x_wconf 91' lang='lat' dir='ltr'><strong>Ad</strong></span> <span class='ocrx_word' id='word_1_77' title='bbox 596 1320 763 1385; x_wconf 88' lang='lat' dir='ltr'><strong>talos</strong></span> <span class='ocrx_word' id='word_1_78' title='bbox 808 1321 978 1384; x_wconf 88' lang='lat' dir='ltr'><strong>stola</strong></span> <span class='ocrx_word' id='word_1_79' title='bbox 1019 1318 1295 1384; x_wconf 89' lang='lat' dir='ltr'><strong>demissa</strong></span> <span class='ocrx_word' id='word_1_80' title='bbox 1338 1320 1403 1382; x_wconf 89' lang='lat' dir='ltr'><strong>et</strong></span> <span class='ocrx_word' id='word_1_81' title='bbox 1446 1317 1833 1383; x_wconf 84' lang='lat' dir='ltr'><strong>circumdata</strong></span> <span class='ocrx_word' id='word_1_82' title='bbox 1875 1319 2076 1402; x_wconf 87' lang='lat' dir='ltr'><strong>palla,</strong></span> 
     </span>
     <span class='ocr_line' id='line_1_15' title="bbox 325 1402 2256 1499; baseline 0.001 -32"><span class='ocrx_word' id='word_1_83' title='bbox 325 1417 424 1468; x_wconf 90' lang='grc'><strong>100</strong></span> <span class='ocrx_word' id='word_1_84' title='bbox 451 1403 765 1488; x_wconf 86' lang='lat' dir='ltr'><strong>Plurima,</strong></span> <span class='ocrx_word' id='word_1_85' title='bbox 810 1424 970 1488; x_wconf 90' lang='lat' dir='ltr'><strong>quae</strong></span> <span class='ocrx_word' id='word_1_86' title='bbox 1013 1402 1345 1467; x_wconf 77' lang='lat' dir='ltr'><strong>invideant</strong></span> <span class='ocrx_word' id='word_1_87' title='bbox 1393 1424 1550 1499; x_wconf 87' lang='lat' dir='ltr'><strong>pure</strong></span> <span class='ocrx_word' id='word_1_88' title='bbox 1593 1402 1895 1486; x_wconf 84' lang='lat' dir='ltr'><strong>adparere</strong></span> <span class='ocrx_word' id='word_1_89' title='bbox 1937 1403 2058 1468; x_wconf 89' lang='lat' dir='ltr'><strong>tibi</strong></span> <span class='ocrx_word' id='word_1_90' title='bbox 2099 1424 2256 1469; x_wconf 85' lang='lat' dir='ltr'><strong>rem.</strong></span> 
     </span>
     <span class='ocr_line' id='line_1_16' title="bbox 450 1486 2062 1570; baseline 0 -19"><span class='ocrx_word' id='word_1_91' title='bbox 450 1488 675 1553; x_wconf 88' lang='lat' dir='ltr'><strong>Altera</strong></span> <span class='ocrx_word' id='word_1_92' title='bbox 747 1489 842 1552; x_wconf 91' lang='lat' dir='ltr'><strong>nil</strong></span> <span class='ocrx_word' id='word_1_93' title='bbox 885 1488 1126 1553; x_wconf 85' lang='lat' dir='ltr'><strong>obstat:</strong></span> <span class='ocrx_word' id='word_1_94' title='bbox 1172 1486 1321 1553; x_wconf 83' lang='lat' dir='ltr'><strong>Cois</strong></span> <span class='ocrx_word' id='word_1_95' title='bbox 1364 1486 1484 1551; x_wconf 76' lang='lat' dir='ltr'><strong>tibi</strong></span> <span class='ocrx_word' id='word_1_96' title='bbox 1539 1507 1743 1570; x_wconf 89' lang='lat' dir='ltr'><strong>paene</strong></span> <span class='ocrx_word' id='word_1_97' title='bbox 1786 1486 2062 1552; x_wconf 86' lang='lat' dir='ltr'><strong>viderest</strong></span> 
     </span>
     <span class='ocr_line' id='line_1_17' title="bbox 448 1538 2143 1657; baseline 0 -21"><span class='ocrx_word' id='word_1_98' title='bbox 448 1571 538 1637; x_wconf 86' lang='lat' dir='ltr'><strong>Vt</strong></span> <span class='ocrx_word' id='word_1_99' title='bbox 578 1538 846 1655; x_wconf 87' lang='lat' dir='ltr'><strong>nudam,</strong></span> <span class='ocrx_word' id='word_1_100' title='bbox 887 1593 973 1637; x_wconf 89' lang='lat' dir='ltr'><strong>ne</strong></span> <span class='ocrx_word' id='word_1_101' title='bbox 1016 1592 1198 1637; x_wconf 88' lang='lat' dir='ltr'><strong>crure</strong></span> <span class='ocrx_word' id='word_1_102' title='bbox 1239 1570 1441 1653; x_wconf 87' lang='lat' dir='ltr'><strong>malo,</strong></span> <span class='ocrx_word' id='word_1_103' title='bbox 1486 1593 1568 1635; x_wconf 89' lang='lat' dir='ltr'><strong>ne</strong></span> <span class='ocrx_word' id='word_1_104' title='bbox 1612 1571 1698 1636; x_wconf 90' lang='lat' dir='ltr'><strong>sit</strong></span> <span class='ocrx_word' id='word_1_105' title='bbox 1738 1571 1899 1655; x_wconf 89' lang='lat' dir='ltr'><strong>pede</strong></span> <span class='ocrx_word' id='word_1_106' title='bbox 1940 1572 2143 1657; x_wconf 82' lang='lat' dir='ltr'><strong>turpi3</strong></span> 
     </span>
     <span class='ocr_line' id='line_1_18' title="bbox 446 1655 1978 1740; baseline -0.001 -19"><span class='ocrx_word' id='word_1_107' title='bbox 446 1655 664 1721; x_wconf 90' lang='lat' dir='ltr'><strong>Metiri</strong></span> <span class='ocrx_word' id='word_1_108' title='bbox 702 1655 914 1740; x_wconf 90' lang='lat' dir='ltr'><strong>possis</strong></span> <span class='ocrx_word' id='word_1_109' title='bbox 958 1655 1143 1720; x_wconf 91' lang='lat' dir='ltr'><strong>oculo</strong></span> <span class='ocrx_word' id='word_1_110' title='bbox 1188 1655 1376 1719; x_wconf 89' lang='lat' dir='ltr'><strong>latus.</strong></span> <span class='ocrx_word' id='word_1_111' title='bbox 1464 1655 1573 1719; x_wconf 90' lang='lat' dir='ltr'><strong>An</strong></span> <span class='ocrx_word' id='word_1_112' title='bbox 1614 1655 1736 1720; x_wconf 89' lang='lat' dir='ltr'><strong>tibi</strong></span> <span class='ocrx_word' id='word_1_113' title='bbox 1776 1656 1978 1720; x_wconf 88' lang='lat' dir='ltr'><strong>mavis</strong></span> 
     </span>
     <span class='ocr_line' id='line_1_19' title="bbox 444 1739 1839 1837; baseline 0 -33"><span class='ocrx_word' id='word_1_114' title='bbox 444 1739 720 1805; x_wconf 84' lang='lat' dir='ltr'><strong>Insidias</strong></span> <span class='ocrx_word' id='word_1_115' title='bbox 764 1740 902 1805; x_wconf 89' lang='lat' dir='ltr'><strong>fieri</strong></span> <span class='ocrx_word' id='word_1_116' title='bbox 944 1739 1344 1837; x_wconf 76' lang='lat' dir='ltr'><strong>pretiumque</strong></span> <span class='ocrx_word' id='word_1_117' title='bbox 1389 1739 1646 1804; x_wconf 84' lang='lat' dir='ltr'><strong>avellier</strong></span> <span class='ocrx_word' id='word_1_118' title='bbox 1690 1742 1839 1804; x_wconf 90' lang='lat' dir='ltr'><strong>ante</strong></span> 
     </span>
     <span class='ocr_line' id='line_1_20' title="bbox 320 1822 2258 1921; baseline 0.002 -33"><span class='ocrx_word' id='word_1_119' title='bbox 320 1838 417 1888; x_wconf 82' lang='lat'><strong>105</strong></span> <span class='ocrx_word' id='word_1_120' title='bbox 449 1823 655 1900; x_wconf 83' lang='lat' dir='ltr'><strong>Quam</strong></span> <span class='ocrx_word' id='word_1_121' title='bbox 696 1843 972 1889; x_wconf 88' lang='lat' dir='ltr'><strong>mercem</strong></span> <span class='ocrx_word' id='word_1_122' title='bbox 1002 1824 1297 1889; x_wconf 80' lang='lat' dir='ltr'><strong>ostendl‘?</strong></span> <span class='ocrx_word' id='word_1_123' title='bbox 1352 1822 1688 1921; x_wconf 79' lang='lat' dir='ltr'><strong>‘Leporem</strong></span> <span class='ocrx_word' id='word_1_124' title='bbox 1719 1827 1983 1889; x_wconf 89' lang='lat' dir='ltr'><strong>venator</strong></span> <span class='ocrx_word' id='word_1_125' title='bbox 2010 1828 2083 1890; x_wconf 89' lang='lat' dir='ltr'><strong>ut</strong></span> <span class='ocrx_word' id='word_1_126' title='bbox 2124 1827 2258 1893; x_wconf 79' lang='lat' dir='ltr'><strong>alta</strong></span> 
     </span>
     <span class='ocr_line' id='line_1_21' title="bbox 444 1907 2091 1995; baseline 0.001 -23"><span class='ocrx_word' id='word_1_127' title='bbox 444 1907 523 1972; x_wconf 90' lang='lat' dir='ltr'><strong>In</strong></span> <span class='ocrx_word' id='word_1_128' title='bbox 564 1909 713 1974; x_wconf 88' lang='lat' dir='ltr'><strong>nive</strong></span> <span class='ocrx_word' id='word_1_129' title='bbox 757 1912 1062 1994; x_wconf 73' lang='lat' dir='ltr'><strong>sectetur,</strong></span> <span class='ocrx_word' id='word_1_130' title='bbox 1106 1909 1388 1995; x_wconf 89' lang='lat' dir='ltr'><strong>positum</strong></span> <span class='ocrx_word' id='word_1_131' title='bbox 1433 1929 1526 1973; x_wconf 76' lang='lat' dir='ltr'><strong>sic</strong></span> <span class='ocrx_word' id='word_1_132' title='bbox 1567 1911 1832 1995; x_wconf 84' lang='lat' dir='ltr'><strong>tangere</strong></span> <span class='ocrx_word' id='word_1_133' title='bbox 1872 1910 2039 1974; x_wconf 89' lang='lat' dir='ltr'><strong>nolit</strong></span> <span class='ocrx_word' id='word_1_134' title='bbox 2046 1919 2091 1993; x_wconf 88' lang='lat'><strong>‚’</strong></span> 
     </span>
     <span class='ocr_line' id='line_1_22' title="bbox 445 1992 2256 2080; baseline 0.002 -21"><span class='ocrx_word' id='word_1_135' title='bbox 445 1992 679 2060; x_wconf 83' lang='lat' dir='ltr'><strong>Cantat</strong></span> <span class='ocrx_word' id='word_1_136' title='bbox 703 1998 768 2060; x_wconf 89' lang='lat' dir='ltr'><strong>et</strong></span> <span class='ocrx_word' id='word_1_137' title='bbox 795 1995 1064 2080; x_wconf 82' lang='lat' dir='ltr'><strong>adponit</strong></span> <span class='ocrx_word' id='word_1_138' title='bbox 1085 1999 1288 2062; x_wconf 76' lang='lat' dir='ltr'><strong>‘meus</strong></span> <span class='ocrx_word' id='word_1_139' title='bbox 1311 1997 1409 2059; x_wconf 85' lang='lat' dir='ltr'><strong>est</strong></span> <span class='ocrx_word' id='word_1_140' title='bbox 1428 2015 1607 2059; x_wconf 88' lang='lat' dir='ltr'><strong>amor</strong></span> <span class='ocrx_word' id='word_1_141' title='bbox 1633 1993 1781 2059; x_wconf 88' lang='lat' dir='ltr'><strong>huic</strong></span> <span class='ocrx_word' id='word_1_142' title='bbox 1812 1994 2070 2061; x_wconf 86' lang='lat' dir='ltr'><strong>similis:</strong></span> <span class='ocrx_word' id='word_1_143' title='bbox 2095 2018 2256 2068; x_wconf 85' lang='lat' dir='ltr'><strong>nam</strong></span> 
     </span>
     <span class='ocr_line' id='line_1_23' title="bbox 443 2076 2206 2164; baseline 0.002 -23"><span class='ocrx_word' id='word_1_144' title='bbox 443 2076 823 2145; x_wconf 86' lang='lat' dir='ltr'><strong>Transvolat</strong></span> <span class='ocrx_word' id='word_1_145' title='bbox 864 2081 934 2143; x_wconf 91' lang='lat' dir='ltr'><strong>in</strong></span> <span class='ocrx_word' id='word_1_146' title='bbox 976 2079 1186 2143; x_wconf 89' lang='lat' dir='ltr'><strong>medio</strong></span> <span class='ocrx_word' id='word_1_147' title='bbox 1229 2080 1444 2162; x_wconf 88' lang='lat' dir='ltr'><strong>posita</strong></span> <span class='ocrx_word' id='word_1_148' title='bbox 1488 2082 1552 2144; x_wconf 89' lang='lat' dir='ltr'><strong>et</strong></span> <span class='ocrx_word' id='word_1_149' title='bbox 1592 2079 1906 2164; x_wconf 85' lang='lat' dir='ltr'><strong>fugientia</strong></span> <span class='ocrx_word' id='word_1_150' title='bbox 1944 2083 2206 2164; x_wconf 65' lang='lat' dir='ltr'><strong>captat?</strong></span> 
     </span>
     <span class='ocr_line' id='line_1_24' title="bbox 440 2160 2035 2248; baseline 0.003 -23"><span class='ocrx_word' id='word_1_151' title='bbox 440 2160 705 2228; x_wconf 90' lang='lat' dir='ltr'><strong>Hiscine</strong></span> <span class='ocrx_word' id='word_1_152' title='bbox 749 2163 1079 2227; x_wconf 88' lang='lat' dir='ltr'><strong>versiculis</strong></span> <span class='ocrx_word' id='word_1_153' title='bbox 1123 2184 1343 2246; x_wconf 82' lang='lat' dir='ltr'><strong>speras</strong></span> <span class='ocrx_word' id='word_1_154' title='bbox 1386 2164 1508 2227; x_wconf 90' lang='lat' dir='ltr'><strong>tibi</strong></span> <span class='ocrx_word' id='word_1_155' title='bbox 1549 2184 1739 2248; x_wconf 90' lang='lat' dir='ltr'><strong>posse</strong></span> <span class='ocrx_word' id='word_1_156' title='bbox 1783 2163 2035 2229; x_wconf 89' lang='lat' dir='ltr'><strong>dolores</strong></span> 
     </span>
     <span class='ocr_line' id='line_1_25' title="bbox 317 2247 2151 2333; baseline 0.003 -25"><span class='ocrx_word' id='word_1_157' title='bbox 317 2259 415 2309; x_wconf 93' lang='grc'><strong>110</strong></span> <span class='ocrx_word' id='word_1_158' title='bbox 443 2247 658 2330; x_wconf 80' lang='lat' dir='ltr'><strong>Atque</strong></span> <span class='ocrx_word' id='word_1_159' title='bbox 705 2249 916 2311; x_wconf 88' lang='lat' dir='ltr'><strong>aestus</strong></span> <span class='ocrx_word' id='word_1_160' title='bbox 961 2267 1267 2331; x_wconf 86' lang='lat' dir='ltr'><strong>curasque</strong></span> <span class='ocrx_word' id='word_1_161' title='bbox 1311 2269 1539 2333; x_wconf 86' lang='lat' dir='ltr'><strong>graves</strong></span> <span class='ocrx_word' id='word_1_162' title='bbox 1584 2269 1618 2313; x_wconf 92' lang='lat' dir='ltr'><strong>e</strong></span> <span class='ocrx_word' id='word_1_163' title='bbox 1660 2251 1918 2332; x_wconf 81' lang='lat' dir='ltr'><strong>pectore</strong></span> <span class='ocrx_word' id='word_1_164' title='bbox 1960 2249 2151 2314; x_wconf 82' lang='lat' dir='ltr'><strong>tolli?</strong></span> 
     </span>
     <span class='ocr_line' id='line_1_26' title="bbox 440 2328 2254 2419; baseline 0.003 -26"><span class='ocrx_word' id='word_1_165' title='bbox 440 2328 707 2414; x_wconf 86' lang='lat' dir='ltr'><strong>Nonne,</strong></span> <span class='ocrx_word' id='word_1_166' title='bbox 753 2330 1153 2415; x_wconf 82' lang='lat' dir='ltr'><strong>cupidinibus</strong></span> <span class='ocrx_word' id='word_1_167' title='bbox 1193 2335 1433 2397; x_wconf 88' lang='lat' dir='ltr'><strong>statuat</strong></span> <span class='ocrx_word' id='word_1_168' title='bbox 1470 2335 1700 2397; x_wconf 85' lang='lat' dir='ltr'><strong>natura</strong></span> <span class='ocrx_word' id='word_1_169' title='bbox 1736 2333 1997 2399; x_wconf 91' lang='lat' dir='ltr'><strong>modum</strong></span> <span class='ocrx_word' id='word_1_170' title='bbox 2040 2355 2254 2419; x_wconf 88' lang='lat' dir='ltr'><strong>quem,</strong></span> 
     </span>
     <span class='ocr_line' id='line_1_27' title="bbox 441 2412 2076 2503; baseline 0.004 -27"><span class='ocrx_word' id='word_1_171' title='bbox 441 2412 608 2489; x_wconf 86' lang='lat' dir='ltr'><strong>Quid</strong></span> <span class='ocrx_word' id='word_1_172' title='bbox 652 2415 859 2478; x_wconf 90' lang='lat' dir='ltr'><strong>latura</strong></span> <span class='ocrx_word' id='word_1_173' title='bbox 903 2415 1054 2498; x_wconf 88' lang='lat' dir='ltr'><strong>sibi,</strong></span> <span class='ocrx_word' id='word_1_174' title='bbox 1143 2417 1255 2481; x_wconf 91' lang='lat' dir='ltr'><strong>uid</strong></span> <span class='ocrx_word' id='word_1_175' title='bbox 1300 2418 1384 2482; x_wconf 86' lang='lat' dir='ltr'><strong>sit</strong></span> <span class='ocrx_word' id='word_1_176' title='bbox 1429 2417 1703 2481; x_wconf 85' lang='lat' dir='ltr'><strong>dolitura</strong></span> <span class='ocrx_word' id='word_1_177' title='bbox 1742 2420 2076 2503; x_wconf 86' lang='lat' dir='ltr'><strong>negatum,</strong></span> 
     </span>
     <span class='ocr_line' id='line_1_28' title="bbox 441 2437 1147 2597; baseline 0.004 -36"><span class='ocrx_word' id='word_1_178' title='bbox 441 2496 755 2573; x_wconf 83' lang='lat' dir='ltr'><strong>Quaerere</strong></span> <span class='ocrx_word' id='word_1_179' title='bbox 795 2498 941 2597; x_wconf 88' lang='lat' dir='ltr'><strong>plus</strong></span> <span class='ocrx_word' id='word_1_180' title='bbox 985 2437 1147 2584; x_wconf 65' lang='lat' dir='ltr'><strong>prod</strong></span> 
     </span>
     <span class='ocr_line' id='line_1_29' title="bbox 439 2580 2168 2671; baseline 0.003 -25"><span class='ocrx_word' id='word_1_181' title='bbox 439 2580 647 2665; x_wconf 89' lang='lat' dir='ltr'><strong>Num,</strong></span> <span class='ocrx_word' id='word_1_182' title='bbox 692 2582 813 2647; x_wconf 91' lang='lat' dir='ltr'><strong>tib1</strong></span> <span class='ocrx_word' id='word_1_183' title='bbox 857 2605 1001 2648; x_wconf 92' lang='lat' dir='ltr'><strong>cum</strong></span> <span class='ocrx_word' id='word_1_184' title='bbox 1042 2584 1260 2651; x_wconf 88' lang='lat' dir='ltr'><strong>fauces</strong></span> <span class='ocrx_word' id='word_1_185' title='bbox 1302 2587 1433 2650; x_wconf 90' lang='lat' dir='ltr'><strong>urit</strong></span> <span class='ocrx_word' id='word_1_186' title='bbox 1474 2586 1613 2651; x_wconf 83' lang='lat' dir='ltr'><strong>sitis</strong></span> <span class='ocrx_word' id='word_1_187' title='bbox 1627 2636 1647 2670; x_wconf 87' lang='lat'><em>,</em></span> <span class='ocrx_word' id='word_1_188' title='bbox 1692 2608 1880 2651; x_wconf 88' lang='lat' dir='ltr'><strong>aurea</strong></span> <span class='ocrx_word' id='word_1_189' title='bbox 1922 2587 2168 2671; x_wconf 89' lang='lat' dir='ltr'><strong>quaeris</strong></span> 
     </span>
     <span class='ocr_line' id='line_1_30' title="bbox 311 2666 2110 2754; baseline 0.003 -25"><span class='ocrx_word' id='word_1_190' title='bbox 311 2679 410 2729; x_wconf 83' lang='lat'><strong>115</strong></span> <span class='ocrx_word' id='word_1_191' title='bbox 442 2666 727 2733; x_wconf 78' lang='lat' dir='ltr'><strong>Pocula?</strong></span> <span class='ocrx_word' id='word_1_192' title='bbox 772 2690 927 2733; x_wconf 92' lang='lat' dir='ltr'><strong>num</strong></span> <span class='ocrx_word' id='word_1_193' title='bbox 972 2669 1256 2735; x_wconf 89' lang='lat' dir='ltr'><strong>esuriens</strong></span> <span class='ocrx_word' id='word_1_194' title='bbox 1301 2670 1554 2735; x_wconf 89' lang='lat' dir='ltr'><strong>fastidis</strong></span> <span class='ocrx_word' id='word_1_195' title='bbox 1598 2672 1816 2735; x_wconf 89' lang='lat' dir='ltr'><strong>omnia</strong></span> <span class='ocrx_word' id='word_1_196' title='bbox 1856 2673 2110 2754; x_wconf 86' lang='lat' dir='ltr'><strong>praeter</strong></span> 
     </span>
     <span class='ocr_line' id='line_1_31' title="bbox 434 2751 2250 2853; baseline 0.002 -37"><span class='ocrx_word' id='word_1_197' title='bbox 434 2751 760 2818; x_wconf 85' lang='lat' dir='ltr'><strong>Pavonem</strong></span> <span class='ocrx_word' id='word_1_198' title='bbox 787 2752 1295 2838; x_wconf 82' lang='lat' dir='ltr'><strong>rhombumque?</strong></span> <span class='ocrx_word' id='word_1_199' title='bbox 1342 2754 1619 2820; x_wconf 85' lang='lat' dir='ltr'><strong>Tument</strong></span> <span class='ocrx_word' id='word_1_200' title='bbox 1635 2755 1763 2819; x_wconf 52' lang='lat' dir='ltr'><strong>‘tibi</strong></span> <span class='ocrx_word' id='word_1_201' title='bbox 1787 2777 1930 2853; x_wconf 76' lang='lat' dir='ltr'><strong>cum</strong></span> <span class='ocrx_word' id='word_1_202' title='bbox 1952 2755 2250 2841; x_wconf 85' lang='lat' dir='ltr'><strong>inguina,</strong></span> 
     </span>
     <span class='ocr_line' id='line_1_32' title="bbox 1200 2861 1818 2904; baseline 0 -1"><span class='ocrx_word' id='word_1_203' title='bbox 1200 2887 1209 2892; x_wconf 26' lang='grc' dir='ltr'>κ</span> <span class='ocrx_word' id='word_1_204' title='bbox 1528 2862 1686 2904; x_wconf 92' lang='lat' dir='ltr'><strong>num</strong></span> <span class='ocrx_word' id='word_1_205' title='bbox 1761 2861 1818 2903; x_wconf 86' lang='lat' dir='ltr'><strong>sl</strong></span> 
     </span>
     <span class='ocr_line' id='line_1_33' title="bbox 434 2887 2254 3022; baseline 0.002 -36"><span class='ocrx_word' id='word_1_206' title='bbox 434 2923 691 2987; x_wconf 87' lang='lat' dir='ltr'><strong>Ancilla</strong></span> <span class='ocrx_word' id='word_1_207' title='bbox 718 2927 828 2989; x_wconf 88' lang='lat' dir='ltr'><strong>aut</strong></span> <span class='ocrx_word' id='word_1_208' title='bbox 854 2927 1113 2989; x_wconf 89' lang='lat' dir='ltr'><strong>vemast</strong></span> <span class='ocrx_word' id='word_1_209' title='bbox 1138 2926 1394 3008; x_wconf 87' lang='lat' dir='ltr'><strong>praesto</strong></span> <span class='ocrx_word' id='word_1_210' title='bbox 1422 2945 1611 3022; x_wconf 89' lang='lat' dir='ltr'><strong>puer,</strong></span> <span class='ocrx_word' id='word_1_211' title='bbox 1650 2887 1926 3008; x_wconf 64' lang='lat' dir='ltr'><strong>it&#39;npetus</strong></span> <span class='ocrx_word' id='word_1_212' title='bbox 1954 2925 2025 2988; x_wconf 94' lang='lat' dir='ltr'><strong>in</strong></span> <span class='ocrx_word' id='word_1_213' title='bbox 2054 2944 2254 3007; x_wconf 90' lang='lat' dir='ltr'><strong>quem</strong></span> 
     </span>
     <span class='ocr_line' id='line_1_34' title="bbox 435 3004 1831 3092; baseline 0.001 -21"><span class='ocrx_word' id='word_1_214' title='bbox 435 3004 758 3072; x_wconf 88' lang='lat' dir='ltr'><strong>Continuo</strong></span> <span class='ocrx_word' id='word_1_215' title='bbox 802 3008 917 3074; x_wconf 90' lang='lat' dir='ltr'><strong>fiat</strong></span> <span class='ocrx_word' id='word_1_216' title='bbox 925 3057 945 3092; x_wconf 87' lang='lat'><em>,</em></span> <span class='ocrx_word' id='word_1_217' title='bbox 990 3009 1174 3074; x_wconf 90' lang='lat' dir='ltr'><strong>malis</strong></span> <span class='ocrx_word' id='word_1_218' title='bbox 1216 3010 1382 3073; x_wconf 88' lang='lat' dir='ltr'><strong>tenti</strong></span> <span class='ocrx_word' id='word_1_219' title='bbox 1499 3029 1533 3073; x_wconf 92' lang='lat' dir='ltr'><strong>e</strong></span> <span class='ocrx_word' id='word_1_220' title='bbox 1577 3008 1831 3092; x_wconf 82' lang='lat' dir='ltr'><strong>rumpi?</strong></span> 
     </span>
     <span class='ocr_line' id='line_1_35' title="bbox 430 3089 2255 3242; baseline -0.001 -84"><span class='ocrx_word' id='word_1_221' title='bbox 430 3089 585 3158; x_wconf 88' lang='lat' dir='ltr'><strong>Non</strong></span> <span class='ocrx_word' id='word_1_222' title='bbox 629 3113 782 3178; x_wconf 88' lang='lat' dir='ltr'><strong>ego:</strong></span> <span class='ocrx_word' id='word_1_223' title='bbox 845 3115 1121 3177; x_wconf 87' lang='lat' dir='ltr'><strong>namque</strong></span> <span class='ocrx_word' id='word_1_224' title='bbox 1169 3093 1388 3177; x_wconf 84' lang='lat' dir='ltr'><strong>parab’</strong></span> <span class='ocrx_word' id='word_1_225' title='bbox 1419 3115 1549 3242; x_wconf 88' lang='lat' dir='ltr'><strong>eml</strong></span> <span class='ocrx_word' id='word_1_226' title='bbox 1563 3114 1707 3158; x_wconf 89' lang='lat' dir='ltr'><strong>amo</strong></span> <span class='ocrx_word' id='word_1_227' title='bbox 1750 3113 2047 3157; x_wconf 88' lang='lat' dir='ltr'><strong>venerem</strong></span> <span class='ocrx_word' id='word_1_228' title='bbox 2089 3092 2255 3156; x_wconf 84' lang='lat' dir='ltr'><strong>faci·</strong></span> 
     </span>
     <span class='ocr_line' id='line_1_36' title="bbox 1551 3199 1796 3243; baseline 0 0"><span class='ocrx_word' id='word_1_229' title='bbox 1551 3199 1652 3243; x_wconf 89' lang='lat' dir='ltr'><strong>em</strong></span> <span class='ocrx_word' id='word_1_230' title='bbox 1697 3199 1796 3243; x_wconf 89' lang='lat' dir='ltr'><strong>ue.</strong></span> 
     </span>
     <span class='ocr_line' id='line_1_37' title="bbox 310 3200 2254 3349; baseline 0.002 -27"><span class='ocrx_word' id='word_1_231' title='bbox 310 3274 405 3323; x_wconf 81' lang='lat'><strong>120</strong></span> <span class='ocrx_word' id='word_1_232' title='bbox 433 3261 623 3327; x_wconf 83' lang='lat' dir='ltr'><strong>Illam</strong></span> <span class='ocrx_word' id='word_1_233' title='bbox 667 3262 845 3328; x_wconf 71' lang='lat' dir='ltr'><strong>‘Post</strong></span> <span class='ocrx_word' id='word_1_234' title='bbox 933 3262 1161 3348; x_wconf 81' lang='lat' dir='ltr'><strong>aullo’3</strong></span> <span class='ocrx_word' id='word_1_235' title='bbox 1209 3262 1359 3328; x_wconf 72' lang='lat' dir='ltr'><strong>‘Sed</strong></span> <span class='ocrx_word' id='word_1_236' title='bbox 1401 3200 1808 3349; x_wconf 77' lang='lat' dir='ltr'><strong>pluris’3q‘Si</strong></span> <span class='ocrx_word' id='word_1_237' title='bbox 1852 3261 2077 3326; x_wconf 76' lang='lat' dir='ltr'><strong>exierit</strong></span> <span class='ocrx_word' id='word_1_238' title='bbox 2117 3261 2254 3325; x_wconf 89' lang='lat' dir='ltr'><strong>vir’</strong></span> 
     </span>
     <span class='ocr_line' id='line_1_38' title="bbox 433 3285 2252 3431; baseline 0 -21"><span class='ocrx_word' id='word_1_239' title='bbox 433 3345 655 3430; x_wconf 85' lang='lat' dir='ltr'><strong>Gallis,</strong></span> <span class='ocrx_word' id='word_1_240' title='bbox 684 3346 850 3411; x_wconf 87' lang='lat' dir='ltr'><strong>hanc</strong></span> <span class='ocrx_word' id='word_1_241' title='bbox 866 3285 1278 3412; x_wconf 49' lang='lat' dir='ltr'><strong>lghilodemus</strong></span> <span class='ocrx_word' id='word_1_242' title='bbox 1302 3347 1393 3411; x_wconf 87' lang='lat' dir='ltr'><strong>ait</strong></span> <span class='ocrx_word' id='word_1_243' title='bbox 1414 3347 1557 3431; x_wconf 86' lang='lat' dir='ltr'><strong>sibi,</strong></span> <span class='ocrx_word' id='word_1_244' title='bbox 1589 3368 1748 3431; x_wconf 88' lang='lat' dir='ltr'><strong>quae</strong></span> <span class='ocrx_word' id='word_1_245' title='bbox 1767 3368 1975 3430; x_wconf 89' lang='lat' dir='ltr'><strong>neque</strong></span> <span class='ocrx_word' id='word_1_246' title='bbox 1999 3366 2252 3429; x_wconf 86' lang='lat' dir='ltr'><strong>magno</strong></span> 
     </span>
     <span class='ocr_line' id='line_1_39' title="bbox 430 3427 2252 3514; baseline 0 -20"><span class='ocrx_word' id='word_1_247' title='bbox 430 3427 572 3494; x_wconf 86' lang='lat' dir='ltr'><strong>Stet</strong></span> <span class='ocrx_word' id='word_1_248' title='bbox 612 3430 820 3513; x_wconf 84' lang='lat' dir='ltr'><strong>pretio</strong></span> <span class='ocrx_word' id='word_1_249' title='bbox 865 3451 1071 3514; x_wconf 89' lang='lat' dir='ltr'><strong>neque</strong></span> <span class='ocrx_word' id='word_1_250' title='bbox 1117 3433 1475 3514; x_wconf 80' lang='lat' dir='ltr'><strong>cunctetur,</strong></span> <span class='ocrx_word' id='word_1_251' title='bbox 1534 3434 1743 3496; x_wconf 89' lang='lat' dir='ltr'><strong>cumst</strong></span> <span class='ocrx_word' id='word_1_252' title='bbox 1783 3431 1959 3497; x_wconf 89' lang='lat' dir='ltr'><strong>iussa</strong></span> <span class='ocrx_word' id='word_1_253' title='bbox 2000 3430 2252 3495; x_wconf 88' lang='lat' dir='ltr'><strong>venire.</strong></span> 
     </span>
    </p>
   </div>
   <div class='ocr_carea' id='block_1_3' title="bbox 1150 2502 2252 2568">
    <p class='ocr_par' dir='ltr' id='par_1_3' title="bbox 1150 2502 2252 2568">
     <span class='ocr_line' id='line_1_40' title="bbox 1150 2502 2252 2568; baseline 0.001 -3"><span class='ocrx_word' id='word_1_254' title='bbox 1150 2504 1248 2566; x_wconf 88' lang='lat' dir='ltr'><strong>est</strong></span> <span class='ocrx_word' id='word_1_255' title='bbox 1278 2505 1343 2566; x_wconf 89' lang='lat' dir='ltr'><strong>et</strong></span> <span class='ocrx_word' id='word_1_256' title='bbox 1384 2502 1576 2567; x_wconf 90' lang='lat' dir='ltr'><strong>inane</strong></span> <span class='ocrx_word' id='word_1_257' title='bbox 1621 2502 1991 2567; x_wconf 87' lang='lat' dir='ltr'><strong>abscindere</strong></span> <span class='ocrx_word' id='word_1_258' title='bbox 2020 2502 2252 2568; x_wconf 77' lang='lat' dir='ltr'><strong>soldo‘?</strong></span> 
     </span>
    </p>
   </div>
  </div>
 </body>
</html>
