2514 3950
810 989 886 1062 ο.
933 991 1342 1064 svmotm
1385 990 1924 1079 'PRANQVILLI

691 1141 948 1227 VITA
1003 1139 1094 1240 Q.
1148 1139 1591 1225 HORATII
1638 1138 2046 1223 FLACOI.

1273 1365 1473 1382 ‘lm

532 1555 613 1635 Q.
643 1555 939 1616 Horatius
968 1554 1226 1615 Flaccus
1255 1555 1614 1616 Venusinus
1634 1598 1650 1630 ,
1695 1563 1870 1635 patre
1884 1598 1900 1629 ,
1946 1562 2016 1615 ut
2049 1554 2192 1635 ipse
2222 1562 2352 1616 tra-

408 1640 524 1713 dit,
572 1640 861 1699 libertino
907 1647 970 1698 et
1011 1639 1367 1700 auctionum
1410 1646 1714 1714 coactore,
1763 1648 1834 1699 ut
1860 1658 2007 1699 vero
2038 1639 2352 1700 creditum

407 1733 527 1797 est,
572 1721 1066 1796 salsamentario,
1124 1720 1290 1781 bello
1333 1722 1729 1802 Philippensi
1772 1724 2004 1784 excitus
2047 1743 2086 1783 a
2125 1723 2352 1783 Marco

403 1808 595 1868 Bruto
652 1807 1019 1886 imperatore
1070 1806 1358 1867 tribunus
1412 1807 1673 1866 militum
1725 1807 1977 1884 meruit3
2034 1807 2352 1886 victisque

405 1890 679 1971 partibus
695 1935 710 1966 ,
755 1892 942 1951 venia
983 1891 1313 1970 impetrata
1339 1891 1635 1969 scriptum
1665 1891 2082 1969 quaestorium
2109 1911 2350 1970 conpa-

406 1978 584 2036 ravit.
630 1996 701 2037 ac
729 1977 923 2055 primo
947 1973 1316 2049 Maecenati,
1348 1995 1492 2035 mox
1516 1972 1798 2054 Augusto
1831 1975 2181 2036 insinuatus
2211 1996 2351 2036 non

403 2059 771 2120 mediocrem
811 2061 879 2118 in
923 2057 1239 2119 amborum
1282 2059 1548 2120 amicitia
1587 2059 1789 2119 locum
1816 2061 2036 2120 tenuit.
2094 2059 2349 2121 Maece-

404 2163 517 2203 nas
562 2150 945 2223 quantopere
1002 2162 1142 2202 eum
1187 2142 1501 2220 dilexerit,
1559 2143 1707 2204 satis
1749 2151 2011 2205 testatur
2050 2143 2160 2203 illo
2210 2144 2349 2224 epi·

408 2235 772 2306 grammate:

804 2333 868 2383 ni
900 2336 958 2385 te
994 2333 1299 2386 visceribus
1332 2334 1471 2386 meis
1486 2371 1500 2400 ,
1537 2333 1761 2400 Horati,

806 2400 934 2466 plus
965 2400 1075 2452 iam
1107 2400 1305 2467 diligo,
1341 2405 1407 2453 tu
1437 2405 1594 2453 tuum
1630 2401 1866 2454 sodalem

806 2468 1011 2520 Ninnio
1046 2468 1232 2522 videas
1268 2468 1655 2534 strigosiorem.

403 2559 516 2622 sed
567 2560 758 2621 multo
815 2563 1011 2639 magis
1068 2564 1354 2624 extremis
1407 2563 1654 2623 iudiciis
1707 2563 1819 2623 tali
1862 2563 1944 2624 ad
1984 2560 2354 2643 Augustum

404 2645 639 2724 elogio:
686 2642 943 2705 ‘Horati
969 2644 1207 2720 Flacci,
1238 2654 1310 2706 ut
1335 2648 1483 2722 mei,
1515 2667 1746 2708 memor
1774 2647 1959 2708 esto'.
2016 2646 2354 2726 Augustus

407 2729 807 2809 epistularum
849 2747 1094 2809 quoque
1139 2729 1407 2790 officium
1450 2729 1697 2806 obtulit,
1741 2739 1812 2791 ut
1838 2731 1956 2791 hoc
1985 2731 2065 2792 ad
2092 2731 2353 2795 Maece·

404 2822 613 2874 natem
641 2815 867 2893 scripto
896 2814 1200 2893 significat
1231 2817 1406 2875 ante
1432 2815 1566 2894 ipse
1587 2775 1963 2876 suf’ficiebam
1990 2815 2353 2877 scribendis

405 2898 687 2977 epistulis
740 2898 1098 2960 amicorum.
1169 2919 1336 2959 nunc
1394 2900 1890 2992 occupatissimus
1946 2907 2009 2960 et
2059 2900 2353 2962 infirmus

401 2981 731 3041 Horatium
758 2989 1033 3042 nostrum
1072 3002 1110 3043 a
1136 2991 1201 3045 te
1233 2983 1413 3062 cupio
1456 2974 1783 3045 ab‘ducere.
1838 2985 2049 3045 veniet
2078 3004 2227 3063 ergo
2264 2985 2353 3046 ab

403 3066 523 3125 ista
564 3064 892 3143 parasitica
935 3084 1148 3127 mensa
1190 3066 1273 3126 ad
1315 3066 1480 3128 hanc
1520 3069 1780 3147 regiam,
1829 3076 1891 3128 et
1933 3087 2046 3128 nos
2088 3069 2155 3128 in
2206 3071 2354 3149 epi-

403 3149 579 3209 stulis
622 3147 966 3209 scribendis
1021 3149 1401 3211 adiuvabit'.
1472 3170 1544 3212 ac
1586 3172 1668 3213 ne
1719 3153 2028 3213 recusanti
2083 3153 2355 3232 quidem

404 3241 511 3293 aut
552 3234 903 3294 succensuit
945 3234 1273 3313 quicquam
1315 3242 1424 3297 aut
1465 3237 1793 3297 amicitiam
1835 3255 2008 3296 suam
2047 3237 2355 3316 ingerere

406 3317 607 3377 desiit.
681 3325 924 3378 exstant
978 3318 1309 3397 epistulae,
1378 3339 1413 3379 e
1456 3319 1680 3399 quibus
1735 3323 2081 3399 argumenti
2136 3324 2356 3399 gratia

402 3420 601 3479 pauca
629 3400 889 3462 subieci:
935 3401 1141 3462 ‘sume
1184 3401 1300 3463 tibi
1343 3402 1582 3482 aliquid
1626 3405 1776 3464 iuris
1821 3404 1989 3484 apud
2017 3423 2134 3479 me,
2183 3414 2354 3467 tam·

404 3501 588 3563 quam
629 3485 682 3545 si
728 3485 1042 3545 convictor
1083 3486 1235 3547 mihi
1282 3487 1503 3566 fueris5
1547 3495 1713 3548 recte
1757 3489 1923 3549 enim
1967 3496 2030 3549 et
2072 3509 2207 3549 non
2251 3498 2354 3551 te·
