2514 3950
30 676 114 814 ’ἐξ
30 504 121 660 ”’””·”“Ξ
30 337 101 471 ἐξ

66 929 118 1062 ΕΞ

30 1010 64 1243 2³25·

299 130 364 203 1.]
1087 128 1302 183 mana
1343 129 1413 186 11.
2101 122 2227 189 217

304 290 393 356 Vt
432 290 597 354 nihil
641 288 982 372 anteferat,
1027 289 1189 354 nihil
1230 290 1361 355 illis
1403 293 1735 374 conparet:
1779 294 1973 376 errat3
2161 303 2226 353 65

304 374 372 439 Si
416 373 724 458 quaedam
766 373 957 438 nimis
1002 374 1292 457 antique,
1338 375 1395 438 si
1435 375 1736 458 pleraque
1782 375 1932 440 dure

303 458 529 523 Dicere
574 457 775 522 credit
818 478 956 540 eos,
1000 458 1025 521 i
1119 480 1234 524 ave
1276 460 1481 523 multa
1520 458 1755 523 fatetur
1772 507 1791 541 ,

301 541 389 607 Et
434 542 602 626 sapit
644 544 710 607 et
746 562 997 607 mecum
1066 543 1192 607 acit
1234 545 1300 606 et
1339 542 1492 608 Iove
1536 542 1772 607 iudicat
1815 564 2035 627 aequo·

301 626 453 691 Non
497 626 786 710 equidem
829 626 1110 690 insector
1153 627 1498 692 delendave
1543 627 1826 692 carmina
1866 626 2009 692 Livi

299 710 461 775 Esse
503 732 674 794 reor,
718 710 982 776 memini
1067 733 1187 776 uae
1229 711 1570 797 plagosum
1610 711 1772 776 mihi
1812 732 2011 795 parvo
2161 723 2228 773 ⁷0

302 794 613 860 Orbilium
658 795 924 880 dictare3
971 816 1039 860 se
1127 796 1460 860 emendata
1500 796 1703 861 videri

298 878 696 961 Pulchraque
742 881 808 943 et
851 879 1088 944 exactis
1132 881 1469 945 minimum
1513 879 1820 945 distantia
1860 880 2077 945 miror.

298 962 477 1026 Inter
520 983 678 1045 quae
722 962 986 1025 verbum
1030 962 1291 1026 emicuit
1333 964 1389 1027 si
1430 964 1595 1027 forte
1639 964 1962 1047 decorum,

301 1044 370 1109 Si
412 1065 631 1110 versus
673 1045 887 1127 paullo
935 1046 1308 1109 concinnior
1348 1067 1512 1110 unus
1557 1048 1623 1111 et
1664 1048 1851 1112 altert

299 1128 545 1192 Iniuste
586 1130 796 1193 totum
839 1127 1015 1193 ducit
1057 1128 1398 1212 venditque
1439 1151 1686 1213 poema.
2159 1143 2225 1194 75

301 1211 613 1296 Indignor
657 1212 994 1295 quicquam
1033 1212 1445 1297 reprehendi,
1489 1235 1624 1279 non
1667 1214 1816 1298 quia
1861 1234 2068 1278 crasse

301 1294 725 1379 Conpositum
767 1296 1122 1380 inlepideve
1164 1300 1450 1381 putetur,
1496 1297 1608 1363 sed
1652 1298 1800 1382 quia
1839 1319 2072 1381 nuper,

298 1379 437 1445 Nec
457 1380 711 1444 veniam
734 1380 1031 1464 antiquis,
1054 1380 1166 1446 sed
1187 1380 1498 1446 honorem
1522 1385 1586 1446 et
1605 1381 1889 1465 praemia
1953 1382 2110 1447 osci.

297 1464 497 1528 Recte
539 1484 743 1529 necne
788 1485 1043 1530 crocum
1083 1465 1397 1549 floresque
1440 1466 1837 1549 perambulet
1939 1467 2074 1529 ttae

296 1547 543 1613 Fabula
585 1549 641 1614 si
685 1548 996 1633 dubitem,
1042 1551 1321 1615 clament
1360 1550 1626 1634 periisse
1667 1550 1976 1635 pudorem
2160 1561 2230 1612 80

300 1631 530 1699 Cuncti
569 1654 772 1717 paene
814 1637 1026 1718 patres
1038 1682 1057 1717 ,
1104 1656 1180 1699 ea
1210 1656 1355 1699 cum
1387 1634 1848 1719 reprehendere
1877 1654 2098 1717 coner,

298 1716 474 1791 Quae
517 1718 732 1814 gravis
775 1717 1098 1801 Aesopus,
1144 1739 1305 1801 quae
1350 1718 1572 1784 doctus
1615 1718 1887 1784 Roscius
1930 1718 2098 1802 egitt

296 1800 420 1865 Vel
450 1822 597 1883 quia
624 1801 721 1863 nil
748 1804 1012 1882 rectum,
1042 1801 1170 1865 m'si
1200 1801 1370 1882 quod
1398 1802 1640 1883 placuit
1668 1802 1809 1884 sibi,
1840 1801 2098 1884 ducunt,

295 1883 421 1949 Vel
506 1884 614 1947 uia
653 1886 840 1966 turpe
883 1885 1113 1965 putant
1153 1905 1376 1967 parere
1405 1884 1757 1948 minoribus
1768 1932 1787 1967 ,
1834 1887 1899 1948 et
1941 1904 2100 1966 quae

298 1965 492 2031 Inber
537 1966 560 2030 i
604 1965 908 2050 didicere,
954 1988 1136 2032 senes
1180 1967 1503 2050 perdenda
1545 1967 1748 2032 fateri.
2155 1979 2224 2030 85

297 2050 437 2115 Iam
482 2049 723 2116 Saliare
765 2050 1018 2117 Numae
1062 2072 1321 2116 carmen
1364 2052 1477 2136 qui
1515 2052 1734 2116 laudat
1776 2054 1842 2116 et
1881 2050 2072 2136 illud,

301 2134 486 2209 Quod
528 2155 778 2200 mecum
821 2135 843 2198 i
939 2138 1106 2218 orat,
1152 2137 1327 2201 solus
1370 2137 1507 2201 volt
1548 2136 1709 2201 scire
1753 2135 1982 2220 videri,

296 2217 586 2304 Ingeniis
627 2240 762 2287 non
804 2219 828 2283 i
878 2240 912 2285 e
954 2219 1129 2284 favet
1168 2220 1540 2304 plauditque
1585 2221 1882 2305 sepultis,

298 2302 543 2368 Nostra
585 2303 697 2367 sed
738 2302 1085 2401 inpugnat,
1130 2326 1250 2369 nos
1294 2308 1637 2389 nostraque
1680 2303 1912 2369 lividus
1956 2304 2111 2370 odit.

300 2386 486 2462 Quod
528 2387 585 2451 si
626 2389 760 2451 tam
826 2389 1039 2454 Graiis
1109 2389 1361 2453 novitas
1404 2389 1610 2453 invisa
1651 2388 1879 2453 fuisset
2159 2401 2229 2451 90

299 2469 506 2545 Quam
557 2471 776 2554 nobis,
840 2470 994 2554 quid
1046 2493 1218 2536 nunc
1272 2475 1441 2537 esset
1492 2473 1904 2641 Ἢεέὲιὲἷθζιιή
1949 2472 2102 2557 quid

298 2638 485 2715 Quod
531 2639 775 2723 legeret
815 2641 1170 2724 tereretque
1212 2641 1453 2706 viritim
1495 2642 1788 2739 publicus
1831 2640 2027 2705 usus?

295 2722 388 2788 Vt
428 2723 709 2807 primum
749 2724 976 2807 positis
1019 2725 1250 2810 nugari
1295 2725 1563 2791 Graec1a
1603 2725 1790 2790 bellis

296 2806 528 2892 Coepit
570 2810 637 2872 et
678 2807 749 2872 in
777 2807 1004 2875 vitium
1046 2809 1305 2873 fortuna
1348 2809 1549 2872 labier
1577 2828 1778 2892 aequa
1795 2855 1813 2890 ,

293 2891 485 2957 Nunc
529 2891 914 2956 athletarum
958 2892 1183 2957 studiis
1226 2913 1399 2957 nunc
1443 2892 1602 2956 arsit
1644 2911 1979 2975 equorum,
2163 2904 2227 2954 95

294 2974 634 3040 Marmoris
678 2978 789 3040 aut
832 2976 1042 3049 eboris
1086 2976 1302 3040 fabros
1347 2978 1457 3041 aut
1499 2976 1662 3040 aeris
1707 2975 1973 3059 amavit,

297 3057 643 3141 Suspendit
684 3060 858 3156 picta
899 3059 1143 3124 voltum
1184 3062 1589 3144 mentemque
1631 3061 1896 3142 tabella,

296 3140 488 3206 Nunc
529 3143 899 3208 tibicmibus
914 3192 931 3226 ,
978 3162 1150 3209 nunc
1195 3146 1295 3210 est
1382 3145 1557 3209 avisa
1745 3143 1953 3227 oedis3

297 3224 429 3290 Sub
475 3227 722 3291 nutrice
766 3226 980 3312 puella
1023 3227 1198 3292 velut
1240 3228 1296 3293 si
1364 3229 1584 3293 uderet
1629 3229 1643 3243 ⁶
1724 3249 1838 3292 ans
1850 3276 1869 3311 ,

297 3308 487 3384 Quod
531 3310 757 3393 cupide
845 3312 985 3376 etiit
995 3359 1014 3395 ,
1060 3313 1308 3377 mature
1351 3313 1542 3396 plena
1582 3311 1858 3396 reliquit.
2131 3315 2243 3374 100'

295 3392 440 3459 Hoc
480 3414 671 3477 paces
713 3393 798 3459 ha
841 3417 990 3462 uere
1032 3394 1241 3462 bonae
1286 3397 1584 3482 ventique
1628 3395 1908 3463 secundi.
