2514 3950
380 202 509 269 250
1213 205 1460 263 INDEX.

382 337 645 390 Omnibus
677 335 783 389 hoc
813 336 1063 388 vitiumst
1095 336 1140 402 Ι,
1174 339 1222 388 8.
1396 336 1458 388 Si
1489 351 1613 388 raro
1650 336 1841 389 scribis
1874 338 1946 402 11,
1974 339 2022 389 8.

379 405 682 470 Proscripti
713 405 878 469 Regis
913 403 1103 470 Rupili
1138 406 1183 468 1,
1209 406 1259 456 ’1.
1398 403 1539 455 Sunt
1573 405 1766 469 quibus
1803 405 1862 455 in
1895 405 2065 455 satira
2101 404 2177 469 11,
2206 406 2258 458 1.

381 474 531 536 Quae
565 474 741 524 virtus
777 476 830 522 et
865 475 1069 537 quanta
1103 472 1176 536 11,
1200 473 1249 523 2.
1396 470 1550 523 Vnde
1584 478 1640 523 et
1675 486 1782 537 quo
1821 470 2009 523 Cutius
2044 472 2121 536 ΙΙ,
2147 475 2198 523 4.

380 539 489 602 Qui
521 538 606 605 fit,
641 540 924 591 Maecenas
958 540 1003 604 1,
1030 541 1077 591 1.
1224 605 1228 614 “
1395 538 1472 591 Vt
1488 538 1768 590 Nasidieni
1783 538 1926 591 iuvit
1944 543 1999 591 te
2017 553 2152 590 cens
2169 540 2252 605 H,
2269 542 2321 593 8.

1026 690 1657 756 EPISTVLARVM.

378 808 519 872 Albi,
543 813 850 860 nostrorum
867 822 1170 859 sermonum
1186 808 1231 872 Ι,
1242 811 1293 859 4.
1394 807 1544 870 Quae
1579 808 1654 859 sit
1686 806 1857 859 hiems
1890 806 2076 860 Veliae
2111 808 2156 872 Ι,
2187 811 2276 861 15.

378 876 536 928 Celso
570 876 801 941 gaudere
830 881 886 927 et
915 877 1050 926 bene
1070 890 1181 926 rem
1203 889 1293 940 ge·
1392 876 1676 939 Quamvis,
1715 868 1941 938 Scaeva,
1977 875 2111 928 sutis
2148 878 2196 940 Ι,
2232 880 2317 929 17.

445 958 560 994 rere
593 945 638 1007 Ι,
665 946 713 995 8.
1393 943 1538 1006 Quid
1572 943 1674 994 tibi
1711 943 1827 993 visa
1860 942 2025 994 Chios
2057 942 2087 992 1
2137 946 2221 993 11.

377 1008 515 1061 eum
549 1014 633 1061 tot
669 1010 953 1064 sustineas
976 1010 1120 1073 11,1.
1392 1010 1647 1075 Quinque
1702 1010 1815 1062 dios
1873 1010 1975 1062 tibi
2023 979 2318 1076 pomona,

376 1076 564 1140 Flore,
617 1078 761 1129 bono
813 1076 1065 1144 claroque
1119 1074 1292 1129 fidelis
1460 1079 1505 1142 Ι,
1533 1080 1580 1129 7.

443 1146 518 1207 11,
541 1147 589 1195 2.
1392 1143 1714 1211 Septimius,
1768 1142 1988 1210 Claudi,
2049 1144 2320 1197 nimirum

376 1211 669 1264 Fructibus
702 1210 973 1282 Agrippae
1009 1208 1207 1266 Siculis
1241 1211 1288 1278 1,
1458 1213 1503 1276 Ι,
1531 1214 1578 1263 9.

481 1283 547 1331 12
1391 1278 1451 1331 Si
1483 1280 1618 1331 bene
1651 1283 1707 1329 te
1741 1280 1874 1329 novi
1907 1279 1951 1342 Ι,
1977 1280 2057 1331 18.

375 1346 625 1398 Humano
664 1346 833 1416 capiti
865 1347 941 1409 11,
968 1350 1017 1398 3.
1390 1345 1450 1409 Si
1483 1350 1638 1413 potes
1658 1344 1944 1402 Archiacis
1978 1347 2023 1410 Ι,
2049 1348 2097 1397 5.

374 1414 486 1465 Iuli
518 1414 705 1478 Flore,
742 1414 938 1480 quibus
973 1414 1017 1478 Ι,
1044 1416 1092 1467 3.
1386 1414 1612 1465 'I'roisni
1654 1413 1785 1465 belli
1828 1414 2156 1479 scriptorem
2191 1417 2240 1479 Ι,
2267 1420 2320 1475 2.

374 1482 455 1533 Ne
487 1482 817 1547 perconteris
853 1483 897 1545 Ι,
923 1482 1003 1533 16.
1390 1480 1747 1533 Vertumnum
1780 1481 2080 1552 Ianumque
2116 1482 2168 1549 Ι,
2194 1486 2287 1538 20.

373 1547 467 1599 Nil
501 1548 755 1600 admirari
788 1563 956 1614 prope
990 1563 1075 1600 res
1108 1549 1154 1614 Ι,
1178 1548 1229 1600 0.
1385 1548 1563 1600 Vilice
1598 1547 1858 1603 silvarum
1892 1550 1937 1613 Ι,
1964 1551 2048 1599 14.

372 1615 556 1667 Prima
588 1616 728 1666 dicte
760 1616 895 1668 mihi
926 1617 972 1676 Ι,
999 1618 1045 1666 1.
1384 1615 1550 1667 Vrbis
1584 1621 1880 1671 amatorem
1913 1617 1959 1680 Ι,
1990 1619 2071 1670 10.

372 1680 565 1734 Prisco
601 1682 651 1734 si
685 1681 854 1733 eredis
890 1683 934 1747 1,
964 1684 1042 1734 19.
1384 1682 1458 1740 Vt
1491 1682 1917 1750 proficiscentem
1950 1684 1996 1748 Ι,
2027 1685 2113 1738 13.
