2514 3950
85 182 200 254 τι]
925 176 1140 235 mssa
1182 179 1252 236 11.
1924 174 2050 240 177

85 343 209 407 Per
244 343 477 406 totum
506 340 630 406 hoc
658 343 909 425 tempus
939 341 1283 407 subiectior
1309 341 1380 407 in
1408 341 1578 407 diem
1606 344 1670 407 et
1696 338 1921 408 ho'ram

85 425 397 491 [nvidiae
442 427 681 492 noster.
746 423 961 492 Ludos
1005 428 1402 511 spectaverat
1441 447 1571 491 una
1583 475 1602 510 ,

85 510 384 576 Luserat
427 510 496 575 in
541 531 800 594 campo:
868 509 1208 576 ‘Fortunae
1251 511 1420 575 filius
1433 511 1473 576 Ρ
1517 531 1760 576 omnes.

85 594 413 692 Frigidus
460 616 499 659 a
539 594 765 663 rostris
808 598 1032 660 manat
1072 616 1186 680 per
1230 594 1511 680 compita
1553 616 1795 661 rumor:
1979 608 2050 658 50

85 678 384 756 Quicum
430 700 509 745 ue
531 679 755 746 obvius
787 682 905 764 est,
934 701 1037 746 me
1060 680 1365 747 consulit:
1392 686 1467 744 *ο
1491 679 1678 764 bone,
1697 700 1848 744 nam
1877 683 1942 744 te

85 762 318 848 Scire,
416 784 524 829 eos
612 764 875 829 uoniam
915 786 1032 863 pro
1080 765 1179 830 ius
1225 764 1445 831 contin
1498 764 1577 848 's,
1624 766 1905 849 oportet,

85 846 440 932 Numquid
471 848 548 913 de
633 849 762 914 acis
793 848 1026 914 audisti
1074 857 1094 886 '
1139 848 1333 916 ‘Nile
1377 848 1444 914 ui
1489 856 1634 914 em.'
1681 848 1795 914 ‘Vt
1822 852 1894 914 tu

85 931 375 1017 Semper
406 932 532 997 eris
577 932 860 999 derisor?
935 934 1050 1001 ‘At
1077 953 1300 999 omnes
1390 933 1403 947 '
1436 933 1762 1018 exagitent
1788 954 1920 1017 me,

85 1015 164 1080 Si
191 1016 594 1099 quicquam?
648 1015 882 1091 ‘Quid‘2
913 1016 1225 1082 militibus
1298 1016 1568 1081 romissa
1587 1016 1921 1100 Triquetra
1981 1028 2048 1080 55

85 1098 386 1163 Praedia
431 1098 665 1164 Caesar
708 1120 791 1163 an
834 1102 933 1164 est
973 1099 1140 1171 Itala
1189 1102 1254 1164 te
1305 1121 1415 1164 ure
1462 1099 1723 1164 daturus
1734 1101 1793 1165 ‘1²'

93 1182 446 1247 Iurantem
490 1203 593 1246 me
637 1183 797 1247 scire
840 1182 1005 1247 nihil
1048 1183 1390 1267 mirantur,
1436 1185 1510 1247 ut
1551 1205 1749 1249 unum

96 1266 377 1331 Scilicet
420 1288 454 1330 e
535 1267 663 1352 egii
704 1266 1038 1332 mortalem
1084 1267 1321 1352 altique
1366 1267 1599 1333 silenti.

96 1349 410 1416 Perditur
501 1371 613 1416 aec
655 1350 823 1417 inter
864 1351 1096 1417 misero
1142 1352 1252 1419 lux
1293 1372 1425 1417 non
1465 1353 1605 1417 sine
1647 1353 1844 1418 votis:

102 1434 161 1500 Ο
184 1456 331 1519 rus,
366 1435 618 1518 quando
641 1456 675 1500 e
722 1457 761 1500 o
791 1437 856 1501 te
890 1436 1231 1521 adspiciam
1248 1485 1268 1520 ‚
1300 1437 1676 1521 quandoque
1705 1436 1924 1502 licebit
1985 1449 2055 1499 60

101 1518 304 1585 Nunc
334 1522 621 1585 veterum
650 1520 698 1585 11
742 1520 830 1586 ris
860 1542 1033 1586 nunc
1064 1542 1290 1586 somno
1324 1523 1388 1586 et
1414 1521 1724 1587 inertibus
1750 1520 1924 1588 horis

104 1602 364 1671 Ducere
408 1603 716 1675 sollicitae
761 1605 1036 1671 iucunda
1080 1606 1319 1671 oblivia
1359 1606 1569 1671 vitae?

109 1684 171 1753 O
215 1689 477 1772 quando
521 1689 669 1755 faba
711 1688 1113 1777 Pythagorae
1158 1712 1233 1757 co
1330 1694 1437 1756 ata
1479 1691 1794 1775 simulque

108 1771 328 1838 Vncta
372 1774 528 1839 satis
569 1775 798 1859 pingui
838 1778 1159 1858 ponentur
1192 1796 1229 1840 o
1257 1776 1478 1840 uscula
1517 1775 1695 1840 lardo
1710 1774 1744 1838 ⁶?

113 1856 172 1923 O
217 1860 443 1923 noctes
489 1877 807 1940 cenaeque
851 1857 1069 1940 deum,
1115 1858 1343 1940 quibus
1385 1858 1524 1941 ipse
1566 1859 1815 1941 meique
1986 1871 2051 1921 65

117 1940 291 2005 Ante
325 1940 553 2006 Larem
595 1940 923 2026 proprium
966 1960 1189 2007 vescor
1229 1961 1582 2025 vernasque
1624 1957 1924 2025 procaces

118 2024 323 2089 Pasco
366 2024 580 2090 libatis
626 2024 916 2109 dapibus.
987 2024 1184 2090 Prout
1227 2027 1452 2109 cuique
1494 2026 1761 2092 libidost
1775 2075 1791 2108 ‚

123 2107 334 2172 Siccat
375 2108 736 2192 inaequales
781 2109 1007 2174 calices
1052 2110 1321 2174 conviva
1363 2109 1605 2175 solutus

123 2191 399 2277 Legibus
444 2192 717 2277 insanis,
764 2215 877 2261 seu
920 2193 1061 2277 quis
1106 2194 1279 2278 capit
1320 2193 1490 2259 acria
1529 2193 1717 2259 fortis

125 2276 360 2341 Pocula
403 2298 514 2341 seu
555 2277 823 2343 modicis
865 2278 1109 2343 uvescit
1151 2278 1399 2344 laetius.
1464 2278 1642 2364 Ergo
1985 2291 2054 2340 70

131 2360 344 2425 Sermo
388 2361 615 2446 oritur,
658 2383 794 2428 non
838 2362 915 2428 de
956 2362 1128 2428 villis
1172 2362 1543 2427 domibusve
1587 2362 1843 2445 alienis,

130 2444 264 2510 Nec
285 2446 444 2510 male
466 2467 668 2512 necne
688 2445 899 2531 Lepos
923 2446 1140 2511 saltet·
1168 2445 1299 2530 sed,
1324 2445 1495 2529 quod
1516 2446 1723 2532 magis
1745 2446 1826 2511 ad
1846 2467 1967 2512 nos

133 2527 408 2593 Pertinet
450 2531 515 2593 et
554 2529 800 2595 nescire
842 2529 1115 2595 malums
1154 2578 1173 2613 ,
1218 2530 1564 2615 agitamus,
1611 2533 1908 2597 utrumne

135 2611 383 2678 Divitiis
423 2611 714 2678 homines
759 2635 844 2678 an
887 2614 1020 2680 sint
1059 2614 1291 2680 virtute
1333 2614 1533 2700 beati3

138 2695 368 2772 Quidve
409 2697 488 2761 ad
531 2698 842 2764 amicitias
916 2720 1067 2765 usus
1109 2701 1465 2781 rectumne,
1509 2698 1724 2764 trahat
1763 2718 1910 2783 nos3
1986 2709 2054 2761 75

139 2780 223 2846 Et
263 2802 409 2879 quae
454 2782 538 2847 sit
579 2786 809 2849 natura
847 2747 1005 2848 boni
1048 2804 1489 2880 summumque
1535 2782 1687 2865 quid
1732 2782 1883 2847 eius.

141 2865 384 2932 Gervm‘s
426 2866 583 2933 haec
625 2868 793 2933 inter
835 2867 1082 2933 vicinus
1125 2868 1330 2952 garrit
1372 2867 1586 2950 aniles

142 2950 237 3014 Ex
273 2972 337 3016 re
375 2951 658 3018 fabellas.
749 2951 958 3036 Siquis
1000 2972 1154 3015 nam
1195 2950 1413 3015 laudat
1455 2950 1660 3015 Arelli

147 3033 436 3104 Sollicitas
480 3029 741 3122 ignarus
788 3056 973 3120 opes,
1020 3035 1112 3100 sic
1153 3034 1382 3119 incipit
1426 3034 1604 3099 ‘olim

148 3116 417 3205 Rusticus
459 3121 773 3187 urbanum
815 3140 1060 3184 murem
1101 3140 1245 3184 mus
1335 3140 1563 3204 aupere
1609 3120 1814 3185 fertur
1843 3123 1846 3126 ’
1985 3132 2056 3184 80

151 3202 464 3286 Accepisse
508 3225 661 3270 cavo
673 3253 694 3288 ‚
738 3205 1016 3269 veterem
1057 3205 1238 3268 vetus
1330 3224 1515 3288 ospes
1561 3204 1865 3289 amicum,

154 3286 239 3349 As
279 3306 341 3350 er
379 3290 439 3351 et
480 3291 758 3361 attentus
805 3287 1106 3372 quaesitis
1119 3337 1138 3372 ‚
1182 3290 1256 3352 ut
1296 3291 1513 3354 tamen
1557 3290 1764 3353 artum

155 3307 410 3468 Solveret
435 3369 732 3468 hospitiis
757 3373 1058 3441 animum.
1112 3371 1280 3448 Quid
1307 3372 1550 3437 multa?
1579 3394 1785 3456 neque
1815 3373 1923 3439 illc

157 3453 399 3540 Sepos1t1
442 3456 660 3521 ciceris
703 3478 821 3524 nec
864 3458 1096 3544 longae
1141 3457 1372 3522 invidit
1417 3478 1680 3541 avenae,

245 3555 477 3601 noui-m.
1679 3563 1744 3615 12
