2514 3950
200 188 299 264 n]
991 186 1206 240 mmm
1246 185 1292 243 1.
1962 177 2086 243 201

153 353 156 354 ⁷
201 349 445 433 Caelum,
468 368 604 412 non
627 347 911 412 animum
931 348 1203 431 mutant,
1226 347 1337 430 qui
1352 348 1528 411 trans
1549 368 1723 411 mare
1741 348 2020 411 currunt.

200 432 436 499 Strenua
475 453 596 496 nos
641 434 892 496 exercet
931 431 1192 496 inertia:
1236 431 1504 495 navibus
1550 434 1736 513 atque

198 516 506 601 Quadrigis
534 515 809 599 petimus
836 516 1000 580 bene
1020 516 1249 580 vivere.
1298 514 1482 590 Quod
1509 515 1694 599 petis,
1722 513 1830 578 hic
1851 517 1966 597 est,

196 600 301 667 Est
335 600 589 667 Vlubris
600 648 620 684 ,
666 600 915 666 animus
960 600 1017 664 si
1059 602 1124 665 te
1165 620 1301 665 non
1344 600 1558 665 deficit
1600 619 1857 683 aequus.
2025 609 2095 661 30

1042 892 1203 967 XII.

190 1023 507 1090 Fructibus
550 1022 883 1106 Agrippae
927 1021 1192 1105 Siculis,
1237 1043 1398 1105 quos
1441 1022 1723 1107 colligis,
1766 1022 1927 1105 Icci,
1948 1090 1962 1103 ,

189 1107 253 1172 Si
289 1108 452 1170 recte
491 1105 750 1188 frueris,
794 1126 929 1171 non
972 1108 1071 1169 est
1111 1109 1185 1171 ut
1227 1106 1414 1189 copia
1455 1106 1659 1170 maior

186 1190 283 1254 Ab
321 1190 469 1254 Iove
513 1188 739 1253 donari
780 1190 987 1272 possit
1027 1189 1170 1256 tibi.
1254 1189 1437 1254 Tolle
1481 1191 1825 1273 querellas:

184 1273 419 1357 Pauper
461 1274 633 1338 enim
674 1295 809 1338 non
853 1276 980 1358 est,
1032 1274 1136 1338 cui
1176 1295 1391 1339 rerum
1434 1274 1717 1359 suppetit
1756 1296 1928 1339 usus.

185 1357 248 1424 Si
287 1358 489 1423 ventri
530 1358 721 1442 bene,
767 1358 823 1423 si
865 1358 1115 1424 laterist
1201 1358 1546 1443 edibusque
1586 1359 1716 1423 tuis
1726 1407 1745 1442 ,
1788 1359 1885 1423 nil
2065 1368 2099 1420 5

180 1441 445 1508 Divitiae
486 1444 790 1525 poterunt
830 1444 1079 1528 regales
1204 1443 1352 1508 dere
1396 1443 1620 1508 maius.

182 1524 249 1592 Si
286 1526 447 1591 forte
488 1527 560 1591 in
600 1526 810 1592 medio
854 1528 1210 1611 positorum
1254 1528 1598 1593 abstemius
1640 1526 1855 1592 herbis

176 1610 349 1676 Vivis
392 1613 456 1675 et
496 1612 727 1694 urtica,
774 1612 867 1677 sic
908 1612 1084 1678 vives
1125 1613 1450 1697 protinus,
1494 1616 1569 1677 ut
1609 1614 1674 1677 te

178 1695 526 1761 Confestim
568 1696 844 1780 liquidus
886 1696 1208 1763 Fortunae
1249 1698 1423 1762 rivus
1466 1697 1748 1781 inauret,

172 1779 293 1845 Vel
335 1780 483 1863 quia
522 1784 820 1845 naturam
860 1785 1108 1846 mutare
1150 1782 1423 1864 pecunia
1463 1783 1698 1864 nescit,
2038 1790 2105 1842 lo

169 1863 293 1929 Vel
334 1864 485 1946 quia
526 1867 756 1928 cuncta
795 1867 985 1946 putas
1026 1885 1159 1928 una
1200 1865 1434 1927 virtute
1476 1865 1744 1929 minora.

169 1947 506 2029 Miramur,
550 1947 606 2011 si
643 1945 1000 2012 Democriti
1040 1968 1235 2032 pecus
1281 1946 1412 2011 edit
1454 1948 1698 2032 agellos

170 2029 502 2113 Cultaque,
530 2030 680 2095 dum
700 2035 1029 2128 peregrest
1051 2032 1301 2097 animus
1326 2032 1466 2097 sine
1489 2051 1752 2115 corpore
1771 2031 1976 2115 ve101,

169 2113 336 2180 Cum
376 2117 449 2178 tu
491 2114 660 2178 inter
704 2115 982 2179 scablem
1023 2119 1272 2180 tantam
1322 2119 1387 2180 et
1430 2115 1727 2200 contagia
1776 2116 1935 2180 lucri

162 2198 283 2265 Nil
324 2219 593 2283 parvum
637 2199 846 2284 sapias
890 2203 955 2264 et
997 2200 1203 2265 adhuc
1246 2200 1544 2265 sublimia
1589 2221 1800 2266 cures:
2039 2210 2102 2260 15

165 2283 344 2358 Quae
369 2304 543 2347 mare
568 2287 955 2369 conpescant
976 2306 1220 2370 causae,
1239 2285 1393 2369 quid
1415 2288 1728 2368 temperet
1751 2306 2007 2368 annum,

162 2366 409 2433 Stellae
454 2371 681 2452 sponte
726 2390 841 2433 sua
882 2369 1174 2434 iussaene
1216 2371 1531 2454 vagentur
1574 2371 1639 2432 et
1681 2370 1920 2451 errent,

159 2450 337 2527 Quid
358 2455 609 2536 premat
631 2453 971 2518 obscurum
990 2453 1229 2536 Lunae,
1262 2452 1416 2536 quid
1479 2451 1718 2516 roferat
1738 2452 1977 2536 orbem,

158 2533 338 2610 Quid
381 2536 537 2599 velit
580 2539 645 2600 et
684 2538 894 2620 possit
935 2559 1146 2602 rerum
1191 2557 1426 2602 concor
1474 2537 1530 2601 'a
1573 2536 1850 2621 discors,

151 2618 593 2702 Empedocles
637 2642 721 2684 an
764 2620 1138 2686 Stertinium
1187 2620 1415 2687 deliret
1456 2621 1771 2686 acumen?
2039 2633 2107 2682 20

149 2701 411 2768 Verum
456 2724 569 2768 seu
608 2704 816 2788 pisces
860 2727 972 2770 seu
1013 2727 1276 2789 porrum
1320 2708 1386 2770 et
1426 2727 1618 2789 caepe
1659 2705 1971 2787 trucidas,

145 2787 365 2852 Vtere
408 2787 573 2852 Pom
619 2789 717 2854 eio
763 2788 1059 2874 Grospho
1104 2794 1168 2855 et
1210 2790 1422 2874 siquid
1511 2791 1642 2853 etet
1683 2788 1851 2851 ultro

140 2872 393 2938 Defert
438 2871 536 2936 nil
625 2872 898 2958 rosphus
927 2875 1055 2938 nisi
1096 2896 1318 2939 verum
1347 2894 1461 2936 ora
1505 2873 1558 2936 it
1587 2874 1651 2936 et
1679 2893 1751 2936 ae
1795 2894 1968 2937 uum.

139 2956 329 3022 Vilis
378 2956 795 3023 amicorumst
838 2979 1122 3040 annona,
1166 2957 1357 3022 bonis
1400 2956 1513 3021 ubi
1557 2955 1709 3040 quid
1796 2958 1909 3021 est.

138 3040 256 3106 Ne
305 3044 535 3106 tamen
577 3042 868 3127 ignores,
914 3063 1039 3125 quo
1086 3041 1171 3105 sit
1211 3041 1506 3106 Romana
1547 3041 1688 3106 loco
1730 3061 1862 3105 res:
2033 3049 2100 3101 25

140 3123 492 3190 Cantaber
534 3126 699 3211 Agri
745 3147 895 3210 pae,
940 3124 1168 3192 Claudi
1210 3126 1446 3190 virtute
1488 3124 1767 3191 Neronis

131 3208 516 3273 Armenius
560 3211 693 3275 ceci
743 3211 818 3295 't3
863 3210 964 3274 ius
1006 3210 1466 3294 imperiumque
1509 3208 1864 3274 Phrahates

134 3290 468 3358 Caesaris
514 3295 761 3378 accepit
802 3294 1075 3379 genibus
1118 3294 1359 3376 minor3
1405 3315 1593 3359 aurea
1634 3293 1852 3377 fruges

128 3375 398 3440 Italiae
442 3376 635 3460 pleno
681 3378 972 3443 defundit
1017 3379 1215 3463 Copia
1257 3400 1474 3444 cornu.
