2514 3950
353 142 482 208 216
1057 142 1571 202 EPISTVLARVM
2227 146 2307 220 [ι.

486 308 584 392 Si,
630 307 778 392 quia
821 305 1158 372 Graiorum
1203 310 1355 371 sunt
1397 305 1837 390 antiquissima
1879 328 2164 391 quaeque

488 392 738 476 Scripta
778 391 882 456 vel
924 392 1195 475 optima,
1239 390 1514 455 Romani
1555 394 1907 475 pensantur
1951 392 2169 456 eadem

353 489 427 540 30
489 476 843 573 Scriptores
872 476 1142 560 trutina3
1186 496 1323 539 non
1351 478 1448 539 est
1483 475 1653 559 quod
1680 475 1882 539 multa
1924 475 2264 559 loquamur
2278 500 2301 542 ε

484 560 600 626 Nil
641 561 870 624 mtrast
910 560 1079 643 olea,
1124 559 1219 623 nil
1263 561 1503 623 extrast
1543 559 1613 623 in
1653 580 1816 623 nuce
1861 559 2029 645 duri3

484 644 795 709 Venimus
839 643 921 707 ad
961 664 1279 707 summum
1321 644 1642 727 fortunae,
1687 644 2012 727 pingimus
2056 646 2254 728 atque

484 728 825 793 Psallimus
869 730 933 791 et
974 728 1289 793 luctamur
1330 727 1594 791 Achivis
1640 727 1886 792 doctius
1930 728 2157 793 unctis,

487 812 557 878 Si
598 812 864 876 meliora
907 810 1074 894 dies,
1117 815 1191 876 ut
1231 811 1414 895 vina,
1459 813 1756 895 poemata
1795 810 2034 894 reddit,

355 909 426 961 35
492 896 668 961 Scire
697 895 908 978 velim,
946 894 1181 961 chartis
1209 895 1486 979 pretium
1515 898 1747 979 quotus
1778 897 2035 980 arroget
2062 917 2297 961 annus.

487 979 625 1045 Scri
669 982 773 1043 tor
816 978 1051 1044 abhinc
1094 1001 1296 1044 annos
1343 982 1597 1044 centum
1648 980 1757 1064 qui
1801 979 2062 1063 decidit,
2122 980 2301 1044 inter

484 1002 811 1128 Perffecms
856 1066 1222 1147 veteresque
1265 1064 1491 1128 referri
1534 1063 1723 1128 debet
1765 1085 1850 1127 an
1891 1063 2059 1132 inter

485 1146 667 1213 Viles
712 1150 902 1230 atque
943 1147 1192 1212 novos?
1259 1148 1563 1212 Excludat
1604 1147 1812 1232 iurgia
1852 1146 2030 1212 finis!

487 1231 632 1296 ‘Est
650 1234 831 1296 vetus
854 1233 1043 1315 atque
1070 1231 1343 1315 probust,
1361 1234 1615 1297 centum
1639 1231 1749 1315 qui
1769 1231 2018 1316 perficit
2038 1236 2299 1298 annos.’

356 1329 428 1379 40
490 1316 700 1391 Quid?
747 1316 855 1400 qui
897 1315 1170 1399 deperiit
1210 1316 1422 1380 minor
1462 1337 1593 1380 uno
1635 1337 1855 1381 mense
1897 1316 2000 1380 vel
2042 1336 2219 1381 anno
2233 1364 2255 1400 ,

485 1399 664 1465 Inter
709 1421 867 1483 quos
909 1400 1278 1466 referendus
1324 1400 1483 1465 erit?
1529 1402 1858 1466 veteresne
1898 1403 2120 1484 poetas
2132 1449 2151 1483 ,

488 1486 592 1550 An
635 1505 794 1568 quos
840 1488 903 1548 et
943 1506 1244 1568 praesens
1289 1487 1354 1549 et
1394 1487 1651 1568 postera
1691 1505 1793 1549 res
1837 1486 1950 1548 uat
1992 1483 2216 1549 aetas?

487 1568 643 1633 ‘Iste
688 1568 944 1650 quidem
986 1572 1230 1633 veteres
1275 1568 1443 1633 inter
1484 1572 1760 1652 ponetur
1847 1571 2067 1633 oneste
2078 1616 2098 1651 ‚

488 1652 612 1728 Qui
653 1652 756 1716 vel
796 1672 1014 1716 mense
1057 1652 1236 1716 brevi
1279 1652 1383 1716 vel
1424 1655 1628 1717 totost
1667 1653 1880 1718 iunior
1921 1658 2136 1717 anno?

357 1748 427 1799 45
489 1735 658 1801 Vtor
698 1734 1040 1818 permisso,
1086 1735 1446 1819 caudaeque
1487 1737 1654 1821 pilos
1698 1739 1770 1802 ut
1811 1737 2077 1819 equinae

486 1819 831 1886 Paullatim
884 1820 1050 1885 vello
1062 1868 1082 1904 ,
1139 1822 1205 1885 et
1257 1820 1441 1885 demo
1495 1843 1725 1904 unum,
1783 1820 1967 1886 demo
2019 1823 2084 1885 et
2134 1821 2300 1886 item

487 1990 662 2055 Dum
708 1990 892 2088 cadat
936 1990 1146 2054 elusus
1188 1990 1440 2087 ratione
1482 1927 2006 2087 meilltiudnacervi,
2141 2073 2156 2087 ·

488 2074 613 2150 Qui
654 2074 821 2138 redit
862 2095 932 2137 1n
973 2074 1177 2138 fastos
1220 2076 1287 2138 et
1327 2076 1628 2139 virtutem
1672 2076 1967 2138 aestimat
2007 2094 2193 2137 annis

487 2158 881 2241 Miraturque
924 2157 1116 2241 nihil,
1161 2158 1287 2222 nisi
1375 2157 1502 2223 uod
1543 2158 1829 2223 Libitina
1871 2157 2160 2224 sacravit.

359 2253 429 2304 50
491 2241 741 2306 Ennius
752 2289 772 2324 ,
820 2242 885 2305 et
926 2241 1181 2324 sapiens
1224 2243 1290 2305 et
1359 2242 1515 2306 ortis
1559 2245 1624 2306 et
1666 2243 1826 2307 alter
1866 2241 2219 2325 Homerus,

488 2325 580 2392 Vt
624 2325 826 2390 critici
869 2324 1121 2409 dicunt,
1167 2325 1392 2389 leviter
1436 2346 1655 2391 curare
1696 2327 1973 2411 videtur,

490 2409 629 2484 Quo
674 2410 990 2492 promissa
1033 2408 1263 2474 cadant
1306 2410 1370 2474 et
1412 2410 1660 2475 somnia
1702 2409 2128 2495 Pythagorea.

487 2490 767 2558 Naevius
811 2495 881 2557 in
934 2494 1228 2559 manibus
1272 2515 1408 2559 non
1450 2496 1549 2559 est
1590 2497 1655 2559 et
1706 2495 2027 2559 mentibus
2069 2494 2298 2559 haeret

487 2575 698 2641 Paene
725 2576 991 2640 recens?
1038 2578 1195 2642 adeo
1225 2581 1580 2645 sanctumst
1610 2582 1791 2644 vetus
1823 2600 2011 2643 omne
2038 2599 2292 2662 poema.

356 2672 427 2724 55
490 2659 861 2758 Ambigitur
905 2661 1197 2744 quotiens
1208 2709 1228 2744 ,
1273 2665 1416 2726 uter
1456 2665 1600 2728 utro
1646 2663 1732 2728 sit
1771 2664 1977 2746 prior,
2023 2663 2233 2727 aufert

485 2744 800 2810 Pacuwus
844 2744 1019 2809 docti
1058 2744 1298 2809 famam
1340 2746 1540 2829 senis,
1570 2746 1806 2811 Accius
1843 2746 1986 2828 alti,

485 2827 738 2894 Dicitur
780 2829 1014 2894 Afrani
1054 2832 1122 2894 to
1173 2849 1212 2893 a
1255 2831 1628 2895 convenisse
1672 2830 2025 2896 Menandro
2034 2879 2054 2914 ,

486 2912 751 2978 Plautus
795 2913 877 2978 ad
920 2935 1143 2998 exemp
1172 2936 1245 2979 ar
1274 2912 1472 2980 Siculi
1513 2935 1853 2999 properare
1894 2914 2296 3000 Epicharmi,

485 2995 760 3061 Vincere
806 2996 1119 3063 Caecilius
1163 2999 1509 3084 gravitate,
1555 2999 1889 3064 Terentius
1934 3000 2090 3064 arte.

356 3092 427 3144 80
484 3078 623 3145 Hos
668 3079 895 3145 ediscit
937 3083 1002 3144 et
1042 3081 1163 3146 hos
1206 3086 1345 3147 arto
1389 3083 1472 3147 sti
1518 3086 1626 3148 ata
1666 3083 1915 3149 theatro

483 3163 748 3248 Spectat
763 3163 970 3229 Roma
998 3168 1248 3250 potens,
1276 3167 1470 3232 habet
1535 3190 1606 3233 os
1627 3169 2043 3249 numeratque
2064 3169 2303 3250 poetas

482 3249 589 3313 Ad
630 3251 922 3314 nostrum
963 3252 1216 3334 tempus
1260 3249 1402 3315 Livi
1447 3252 1772 3336 scriptoris
1816 3251 1897 3315 ab
1941 3271 2116 3314 aem.

483 3331 814 3398 Interdum
852 3334 1086 3419 volgus
1128 3338 1374 3399 rectum
1415 3335 1614 3421 videt3
1660 3337 1760 3401 est
1799 3334 1910 3398 ubi
1958 3336 2209 3418 peccat.

481 3414 553 3481 Si
597 3419 841 3484 veteres
883 3418 975 3483 ita
1016 3419 1284 3485 miratur
1326 3418 1666 3503 laudatque
1709 3421 1959 3504 poetas,
