2514 3950
107 215 241 288 ιιι]
327 162 335 175 ’
942 214 1160 271 mma
1198 217 1246 273 1.
1929 212 2062 276 '191

107 377 549 461 Respondere
638 396 780 441 aras
825 396 937 443 seu
982 376 1202 442 condis
1254 378 1527 442 amabile
1571 400 1853 464 carmen,

107 461 350 526 Prima
395 462 562 527 feres
591 398 876 527 {ederae
918 460 1198 527 victricis
1241 462 1544 547 praemia.
1617 462 1857 538 Quodsi
2001 476 2066 526 25

107 545 400 631 Frigida
443 567 735 611 curarum
776 545 1064 610 fomenta
1106 546 1462 630 relinquere
1504 567 1754 630 posses:

111 630 268 707 Quo
314 633 386 696 te
431 631 720 696 caelestis
766 631 1082 715 sapientia
1124 630 1411 715 duceret,
1456 631 1600 696 ires.

110 714 269 780 Hoc
302 735 490 799 opus,
520 715 646 781 hoc
672 714 953 780 studium
980 715 1161 799 parvi
1188 736 1601 802 properemus
1631 717 1697 780 et
1724 715 1941 799 ampli,

114 799 191 865 Si
238 799 497 883 patriae
538 799 865 885 volumus,
912 800 968 864 si
1007 800 1197 865 nobis
1240 801 1453 866 vivere
1499 800 1649 866 cari.

114 883 346 949 Debes
390 883 517 950 hoc
561 884 753 949 etiam
793 884 1172 968 rescribere,
1218 883 1304 949 sit
1343 884 1464 949 tibi
1508 905 1725 968 curae,
2004 895 2071 946 30

116 967 428 1044 Quantae
473 969 840 1052 conveniat,
883 967 1212 1033 Munatius
1225 1016 1245 1051 ‚
1290 989 1375 1032 an
1415 969 1582 1034 male
1627 973 1799 1034 sarta

121 1051 365 1116 Gratia
408 1051 794 1134 nequiquam
808 1135 822 1148 ⁶
838 1051 970 1116 coit
1011 1054 1078 1116 et
1116 1051 1500 1117 rescinditur
1506 1101 1529 1150 2
1575 1074 1648 1117 ac
1690 1075 1804 1118 vos

124 1134 260 1199 Seu
307 1133 554 1199 calidus
598 1155 858 1221 sanguis
902 1156 1015 1200 seu
1055 1157 1270 1201 rerum
1311 1136 1564 1201 inscitia
1603 1141 1791 1201 vexat

124 1218 464 1284 Indomita
506 1220 747 1284 cervice
790 1218 1007 1284 feros?
1051 1216 1451 1304 Vbicumque
1480 1220 1766 1285 locorum

124 1301 406 1387 vivitis,
451 1303 703 1389 indigni
743 1303 1097 1369 fraternum
1137 1325 1434 1389 rumpere
1476 1302 1732 1387 foedus,
2003 1317 2068 1367 35

127 1386 432 1453 Pascitur
473 1387 544 1453 in
586 1390 867 1454 vestrum
909 1388 1183 1454 reditum
1220 1389 1437 1454 votiva
1478 1389 1763 1453 iuvenca.

955 1561 1256 1570 ————.-.

1018 1678 1179 1755 ΠΠ.

141 1809 323 1894 Albi,
367 1813 734 1875 nostrorum
777 1830 1142 1875 sermonum
1186 1811 1450 1876 candide
1495 1812 1713 1894 iudeX‚

139 1893 309 1970 Quid
351 1913 524 1957 nunc
564 1896 630 1956 te
676 1892 885 1958 dicam
926 1894 1135 1957 facere
1179 1895 1249 1958 in
1290 1894 1553 1980 regione
1595 1895 1897 1960 Pedana?

142 1977 431 2042 Scribere
476 1975 647 2060 quod
692 1974 874 2042 Cassi
916 1975 1280 2043 Parmensis
1325 1979 1631 2061 opuscula
1670 1980 1911 2062 vincat,

144 2062 251 2124 An
292 2061 558 2125 tacitum
600 2060 791 2125 silvas
833 2061 1004 2125 inter
1043 2064 1295 2146 reptare
1339 2062 1653 2147 salubres,

147 2143 492 2210 Curantem
535 2144 841 2229 quidquid
885 2144 1151 2231 dignum
1195 2146 1484 2231 sapiente
1525 2146 1927 2231 bonoquest‘?
2034 2159 2066 2209 ⁵

146 2228 297 2295 Non
338 2232 409 2293 tu
438 2250 667 2313 corpus
698 2250 837 2295 eras
867 2229 1007 2295 sine
1048 2234 1324 2314 pectore.
1386 2229 1473 2296 Di
1501 2231 1621 2296 tibi
1649 2233 1939 2314 formam,

148 2312 232 2378 Di
271 2313 390 2378 tibi
432 2312 688 2378 divitias
732 2313 1042 2379 dederunt
1083 2318 1407 2399 artemque
1448 2315 1720 2381 fruendi.

150 2397 312 2474 Quid
351 2400 579 2463 voveat
620 2398 790 2463 dulci
831 2400 1149 2464 nutricula
1190 2400 1397 2464 maius
1441 2401 1728 2484 alumno,

152 2481 273 2557 Qui
314 2503 532 2566 sapere
577 2485 644 2547 et
681 2482 806 2546 fari
846 2484 1055 2567 possit
1096 2504 1260 2567 quae
1302 2483 1567 2567 sentiat,
1614 2487 1679 2548 et
1721 2484 1823 2549 cui

156 2564 396 2648 Gratia,
440 2565 612 2630 fama
622 2614 641 2649 ,
685 2566 981 2633 valetudo
1026 2569 1359 2653 contingat
1401 2569 1651 2633 abunde
1664 2617 1683 2652 ,
2006 2582 2068 2631 10

156 2649 239 2714 Et
279 2649 548 2713 mundus
591 2650 796 2715 victus
838 2672 972 2716 non
1014 2652 1354 2717 deficiente*
1390 2653 1732 2718 crumena?

154 2733 325 2798 Inter
366 2755 545 2818 spem
589 2754 952 2820 curamque,
997 2736 1261 2802 timores
1304 2738 1472 2801 inter
1516 2740 1582 2800 et
1621 2736 1748 2799 iras

157 2817 417 2883 Omnem
461 2817 645 2883 crede
689 2818 857 2884 diem
898 2820 1018 2885 tibi
1063 2821 1366 2885 diluxisse
1415 2841 1812 2903 supremum:

160 2901 348 2967 Grata
387 2903 819 2987 superveniet,
906 2924 1024 2969 uae
1065 2926 1201 2969 non
1243 2903 1603 2987 sperabitur
1644 2902 1820 2968 hora.

159 2986 260 3051 Me
298 2987 405 3071 pin
496 3008 598 3052 em
642 2990 708 3052 et
747 2988 871 3051 niti
914 3010 1025 3053 um
1066 2989 1228 3054 bene
1274 2989 1492 3053 curata
1535 2989 1676 3051 cute
1718 2989 1914 3073 vises,
2005 3002 2063 3050 15

162 3069 316 3136 Cum
353 3072 406 3136 ri
449 3092 554 3137 ere
598 3071 774 3138 voles
813 3069 1076 3156 Epicuri
1119 3071 1197 3137 de
1239 3093 1436 3159 grege
1478 3093 1758 3158 porcum.

964 3293 1247 3304 ——o-—oo-——ae
