2514 3950
999 191 1504 247 PROLEGOMEN
1505 192 1569 246 A.
2134 194 2241 249 VII

333 335 576 418 aliquid
619 335 779 401 lucis
826 336 1085 401 afferret
1129 337 1289 402 locis
1336 337 1657 420 corruptis
1703 337 1974 401 necdum
2009 337 2242 422 proba·

331 424 552 488 biliter
616 424 1005 508 emendatis,
1068 446 1293 489 eorum
1353 425 1714 490 innotuisse
1772 424 2068 490 editione.
2166 425 2245 490 Id

333 512 505 576 enim
549 513 618 577 in
660 516 845 577 tanto
892 535 1159 578 numero
1198 514 1491 579 codicum
1528 518 1677 578 ante
1713 512 2048 578 Kellerum
2083 513 2241 579 Hol-

333 600 681 683 derumque
727 602 1114 667 collatorum
1157 623 1292 666 non
1335 602 1552 687 potuit
1598 624 1737 666 esse
1774 602 2010 666 mirum
2050 624 2124 666 ac
2159 624 2241 666 ne

333 689 658 773 expectari
704 689 959 773 quidem
1006 690 1133 754 nisi
1180 691 1263 755 ab
1312 712 1406 773 eo,
1454 690 1565 775 qui
1601 689 1911 756 lectiones
1950 690 2241 755 codicum

334 777 845 843 Horatianorum
900 779 982 843 ab
1044 779 1191 843 aliis
1245 779 1426 864 prius
1482 782 1780 843 enotatas
1835 783 2241 843 numerasset

329 866 551 950 potius
600 888 793 949 quam
838 867 1280 952 ponderasset.

466 954 823 1039 Aliquanto
871 956 1134 1041 gravius
1169 956 1294 1021 hoc
1331 960 1450 1040 est,
1487 955 1659 1040 quod
1693 977 1774 1019 ne
1811 955 1946 1019 illis
1986 955 2245 1039 quidem

335 1043 515 1127 lociS,
559 1065 826 1107 numero
872 1044 1124 1128 pauciS,
1168 1045 1238 1107 in
1281 1045 1513 1127 quibus
1558 1044 1871 1108 notabilis
1911 1048 2012 1107 est
2057 1065 2245 1128 quae·

337 1130 485 1194 dam
524 1132 918 1214 optimorum
955 1132 1242 1196 codicum
1287 1133 1735 1215 discrepantia,
1780 1133 1887 1197 via
1924 1135 2024 1196 est
2069 1154 2247 1196 mon-

338 1223 548 1282 strata
610 1218 1009 1283 discernendi
1072 1219 1383 1284 lectiones
1439 1220 1984 1303 interpolatorum
2049 1241 2248 1303 opera

333 1311 608 1371 novatas
656 1307 738 1371 ab
786 1308 899 1389 eiS,
945 1330 1110 1391 quae
1156 1312 1419 1372 careant
1461 1307 1719 1387 fraude,
1764 1330 1910 1372 cum
1947 1306 2245 1371 Kellerus

337 1400 406 1458 et
459 1394 781 1460 Holderus
834 1396 1009 1460 haud
1060 1418 1208 1460 raro
1269 1397 1570 1461 meliores
1629 1395 1919 1461 codicum
1984 1416 2249 1460 suorum

336 1483 644 1548 lectiones
698 1484 1197 1568 posthabuerint
1254 1485 1714 1569 deterioribus,
1769 1489 1835 1548 et
1890 1484 2063 1568 quod
2120 1506 2248 1548 non

337 1572 548 1657 magis
597 1577 883 1657 apparet,
930 1573 1084 1656 quid
1127 1574 1519 1638 recensionis
1559 1572 2006 1638 Mavortianae
2050 1572 2249 1636 fuerit

336 1660 687 1744 proprium.
750 1660 1045 1744 Denique
1092 1662 1265 1745 quod
1307 1660 1609 1726 Kellerus
1644 1697 1724 1707 -—-
1751 1683 1903 1725 nam
1942 1683 2087 1726 cum
2124 1661 2249 1725 hoc

337 1749 752 1849 potissimum
781 1750 941 1814 mihi
970 1750 1094 1814 erit
1121 1772 1225 1814 res
1254 1787 1337 1796 —
1368 1754 1503 1813 tres
1532 1750 1822 1814 codicum
1851 1750 2092 1814 classes
2122 1740 2248 1814 sibi

336 1838 514 1901 visus
535 1841 634 1901 est
654 1838 856 1902 olim
839 1838 1160 1902 invenisse
1183 1840 1371 1918 [mus
1399 1838 1603 1902 Rhen.
1632 1857 1777 1920 xlx,
1806 1839 1935 1902 220
1965 1840 2131 1921 sqq]
2167 1875 2240 1883 —

340 1947 612 2009 quarum
642 1925 998 2011 scripturae
1035 1926 1498 2008 diversitatem,
1540 1947 1703 2009 quae
1738 1926 1866 2011 ipsi
1902 1926 2247 2010 videretur,

339 2015 616 2078 maxime
650 2015 1008 2079 notabilem
1045 2015 1384 2097 proposuit
1428 2014 1599 2078 idem
1636 2037 1797 2078 mus,
1833 2014 1956 2078 Rh.
2004 2033 2250 2098 xxxm,

344 2102 489 2183 122,
534 2103 575 2164 3
629 2136 716 2147 ——-
760 2101 1206 2185 persuasitque
1251 2101 1318 2164 id
1359 2100 1676 2165 Teuffelio
1725 2101 1901 2183 [hist.
1938 2101 2066 2165 litt.
2107 2102 2249 2166 Lat.

338 2189 2250 2363 {3332‘²{¹553133²¹Suss¹3¹¹232¹nz¹2¹1²3223333dss3;5*n{3{

342 2366 423 2430 ad
458 2366 621 2431 hanc
657 2389 793 2431 rem
829 2367 1342 2452 perspiciendam
1370 2366 1767 2431 Lachmanni
1796 2372 1909 2431 aut
1935 2366 2252 2452 Madvigii

341 2455 432 2519 eis
497 2455 817 2539 profuisse
877 2455 1285 2540 exemplum?
1365 2455 1592 2539 Neque
1656 2477 1818 2539 opus
1874 2459 1974 2519 est
2038 2454 2250 2519 refelli

342 2543 708 2626 opinionem
762 2542 1035 2627 Kelleri,
1081 2566 1226 2609 cum
1281 2543 1422 2629 ipse
1475 2544 1605 2608 iam
1664 2544 1835 2608 dicat
1891 2546 2078 2624 [muS.
2125 2543 2249 2608 Bb,

340 2650 602 2716 xxxm,
680 2633 830 2713 127]
915 2633 1073 2696 duas
1137 2633 1356 2717 potius
1429 2633 1669 2697 classes
1744 2654 1885 2697 esse
1958 2631 2250 2697 codicum

341 2719 876 2805 Horatianorum,
929 2725 1003 2784 ut
1054 2722 1269 2806 prima
1324 2724 1389 2785 et
1437 2721 1713 2787 secunda
1759 2756 1836 2768 —
1884 2743 2043 2804 quas
2092 2720 2249 2785 olim

343 2807 725 2873 distinxerat
762 2845 846 2856 —
886 2810 1305 2894 opponendae
1353 2810 1485 2874 sint
1531 2810 1781 2874 tertiae.
1840 2809 2043 2873 Addit
2079 2808 2251 2872 idem

340 2900 492 2981 post
544 2902 647 2962 tot
699 2898 955 2962 labores
1012 2902 1190 2963 actos
1238 2898 1462 2962 multis
1517 2903 1738 2982 tamen
1781 2898 1850 2962 in
1904 2898 2064 2963 locis
2119 2918 2251 2962 non

341 3007 730 3070 comparere,
767 2986 922 3070 quid
955 2985 1154 3050 fuerit
1191 2987 1505 3070 scriptum
1541 2986 1611 3051 in
1638 2986 1961 3051 codicibus
1991 2985 2251 3050 Horatii

342 3074 463 3156 eis,
522 3074 632 3157 qui
692 3078 842 3152 ante
902 3074 1364 3139 monachorum
1412 3079 1667 3159 tempus
1722 3078 1938 3139 essent
1985 3074 2250 3138 exarati.

339 3160 438 3226 De
500 3163 603 3227 his
674 3185 755 3226 ne
818 3162 1103 3246 iniquius
1168 3163 1392 3227 videar
1454 3164 1825 3227 existimare
1886 3162 2252 3227 adscribam

343 3271 505 3332 quae
542 3251 784 3316 iudicat
821 3250 1175 3336 Gregorius
1205 3249 1504 3336 Senger
1486 3273 1556 3314 ln
1587 3250 2015 3316 coniectaneis
2043 3249 2251 3315 Hora-

341 3338 537 3402 tianis
575 3339 817 3404 Kievae
861 3361 1066 3423 nuper
1103 3340 1293 3404 editis
1334 3361 1628 3404 sermone
1665 3339 1954 3422 Rossic0‚
1999 3359 2108 3422 pg.
2150 3340 2251 3403 72.

342 3422 541 3489 Cuius
576 3428 775 3492 verba
813 3433 964 3492 sunt
999 3427 1158 3492 haec
1184 3427 1339 3511 fere,
1376 3427 1612 3492 mirum
1643 3449 1799 3513 esse,
1837 3427 2007 3512 quod
2035 3427 2253 3511 hom0,
