2514 3950
129 54 436 321 s
1112 164 1506 221 cmmvn
2007 165 2288 238 [xxvm.

480 326 571 390 Te
599 329 903 390 maneant
943 326 1184 410 ipsum:
1275 327 1525 391 recibus
1557 343 1693 390 non
1734 326 1986 410 linquar
2027 327 2290 413 inultis,

513 440 533 459 ·
563 409 776 493 Teque
818 410 1073 494 piacula
1114 433 1161 474 n
1256 433 1294 474 a
1334 410 1673 475 resolvent.

353 505 421 555 35
484 493 879 578 Quamquam
922 495 1221 577 festinas,
1266 514 1401 559 non
1444 496 1542 558 est
1568 515 1751 558 mora
1793 494 2019 580 longa3
2064 494 2294 561 licebit

566 576 811 643 Iniecto
855 581 955 643 ter
996 578 1259 662 pulvere
1304 599 1539 643 curras.

1124 849 1493 925 XXVIIII.

480 980 612 1045 Icci
622 1029 644 1077 2
691 979 894 1045 beatis
936 1002 1110 1047 nunc
1150 980 1439 1048 Arabum
1481 981 1727 1047 invides

483 1063 671 1128 Gazls
717 1068 782 1129 et
823 1086 1032 1130 acrem
1073 1065 1371 1130 militiam
1412 1087 1598 1149 paras

563 1147 717 1213 Non
758 1151 905 1213 ante
949 1149 1210 1215 devictis
1255 1148 1532 1215 Sabaeae

655 1232 942 1318 Regibus
955 1282 975 1317 ,
1018 1233 1436 1317 horribilique
1477 1232 1666 1298 Medo

353 1360 385 1411 5
485 1348 551 1414 N
553 1349 708 1414 ectis
753 1352 1031 1415 catenas.
1117 1349 1293 1426 Quae
1336 1350 1457 1414 tibi
1497 1351 1595 1415 vir
1647 1351 1660 1364 ⁶
1710 1371 1820 1415 um

482 1430 731 1517 Sponso
775 1437 1002 1499 necato
1046 1434 1317 1499 barbara
1359 1435 1591 1499 serviet

564 1516 730 1582 Puer
773 1519 914 1602 quis
958 1539 1036 1582 ex
1079 1518 1226 1582 aula
1268 1518 1515 1602 capillis

655 1601 761 1665 Ad
805 1601 1102 1686 cyathum
1146 1605 1458 1668 statuetur
1499 1603 1740 1687 unctis,

478 1716 723 1782 Doctus
769 1718 1034 1803 sagittas
1075 1720 1336 1785 tendere
1381 1719 1626 1785 Sericas

357 1813 421 1863 10
483 1801 658 1865 Arcu
700 1802 1010 1885 paterno?
1098 1803 1253 1880 Quis
1295 1806 1494 1890 neget
1534 1803 1746 1868 arduis

563 1885 812 1951 Pronos
853 1887 1052 1953 relabi
1093 1910 1282 1973 posse
1325 1889 1497 1953 rivos

656 1968 985 2037 Montibus
1030 1977 1094 2038 et
1135 1972 1417 2038 Tiberim
1458 1972 1690 2038 reverti
1700 1998 1745 2057 ,ᾗ

481 2086 642 2153 Cum
686 2091 759 2153 tu
802 2094 1128 2188 coemptos
1171 2089 1451 2174 undique
1492 2089 1729 2155 nobilis

477 2170 705 2237 Libros
746 2174 1014 2239 Panaeti
1056 2173 1449 2239 Socraticam
1490 2177 1556 2238 et
1597 2174 1856 2240 domum

355 2267 418 2316 15
567 2255 816 2321 Mutare
859 2257 1079 2322 loricis
1120 2256 1381 2321 Hiberis
1392 2306 1411 2340 ‚

653 2339 987 2406 Pollicitus
1031 2340 1328 2425 meliora,
1371 2342 1627 2408 tendis?

1189 2614 1417 2690 XXX.

479 2741 533 2807 O
577 2740 827 2827 Venus,
871 2742 1097 2829 regina
1140 2744 1331 2811 Cnidi
1371 2745 1731 2830 Paphique‚
1760 2809 1764 2823 ‚

479 2823 522 2890 S
571 2847 720 2891 erne
764 2825 1058 2892 dilectam
1101 2828 1361 2914 Cypron
1405 2832 1469 2895 et
1507 2828 1799 2894 vocantis

608 2931 643 2975 e
684 2912 751 2975 te
792 2912 992 2977 multo
1038 2912 1345 2998 Glycerae
1395 2914 1688 2978 decoram

654 2993 957 3061 Transfer
998 2996 1068 3061 in
1110 2998 1349 3063 aedem.

349 3124 380 3173 5
477 3111 782 3177 Fervidus
823 3115 1035 3181 tecum
1075 3136 1234 3199 puer
1278 3116 1343 3179 et
1390 3113 1615 3178 solutis

477 3194 733 3260 Gratiae
777 3198 956 3262 zonis
997 3200 1466 3283 properentque
1483 3195 1826 3280 Nymphae

475 3277 564 3343 Et
603 3302 830 3365 parum
874 3283 1072 3346 comis
1117 3281 1255 3344 sine
1298 3283 1364 3344 te
1400 3279 1699 3345 Iuventas

650 3365 1143 3448 Mercuriusque.

1156 3502 1459 3515 ———

130 3639 209 3690 ef
244 3627 449 3730 ’Ἃ
