2514 3950
406 179 527 242 164
1159 183 1583 240 sATmARVM
2219 183 2348 254 [m

535 348 881 434 Octoginta
922 368 1128 417 annos
1168 349 1391 430 natus,
1437 346 1540 411 cui
1583 345 1870 431 stragula
1912 345 2136 428 vestis,

531 433 889 497 Blattarum
932 454 1008 497 ac
1048 432 1367 496 tinearum
1396 431 1636 515 epulae,
1688 433 2013 514 putrescat
2052 430 2125 493 in
2154 449 2339 494 arca:

407 531 505 581 120
533 517 854 583 Nimirum
894 518 1157 581 insanus
1197 515 1418 612 paucis
1460 515 1776 598 videatur,
1822 536 1898 579 eo
1944 513 2112 599 quod

529 602 809 667 Maxima
849 623 998 686 pars
1041 599 1376 664 hommum
1416 599 1641 664 morbo
1686 600 1962 664 iactatur
2003 598 2248 663 eodem.

527 686 730 751 Filius
775 689 887 750 aut
928 685 1123 750 etiam
1165 683 1324 748 haec
1367 683 1632 749 libertus
1675 687 1749 747 ut
1792 684 2008 748 ebibat
2046 681 2264 764 hans,

527 769 647 834 Dis
689 771 945 835 inimice
990 790 1213 852 senez,
1260 768 1586 833 custodis?
1660 768 1758 833 Ne
1801 768 1920 832 tibi
1964 766 2170 832 desit?

530 854 920 930 Quantulum
950 853 1123 917 enim
1153 874 1438 917 summae
1469 852 1746 917 curtabit
1775 852 2039 935 quisque
2069 850 2342 935 dierum,

406 951 502 1001 125
531 937 835 1022 Vnguere
879 938 936 1002 si
979 938 1190 1003 caules
1234 937 1375 1001 oleo
1419 937 1681 1000 meliore
1725 957 1888 1020 capu
1960 956 2039 999 ue

427 1062 434 1070 ·
533 1022 836 1106 Coeperis
880 1021 1117 1107 inpexa
1156 1021 1416 1086 foedum
1457 1020 1828 1106 porrigine?
1961 1041 2140 1102 uare,

529 1106 598 1172 Si
681 1106 889 1171 uidvis
933 1108 1089 1171 satis
1134 1109 1261 1189 est,
1305 1105 1619 1190 periuraS,
1666 1105 1960 1188 surripiS,
2006 1103 2216 1168 aufers

525 1190 635 1257 Vn
684 1191 868 1274 ’que‘?
933 1190 1077 1255 Tun
1120 1190 1357 1256 sanus?
1423 1190 1741 1274 Populum
1785 1189 1842 1254 si
1872 1189 2131 1253 caedere
2162 1189 2338 1253 saxis

527 1275 808 1359 Incipias
851 1297 1144 1340 servosve
1187 1278 1333 1339 tuos
1347 1324 1366 1358 ,
1411 1295 1570 1358 quos
1614 1295 1759 1338 aere
1800 1274 2077 1357 pararis,

406 1373 504 1422 130
531 1359 840 1424 Insanum
882 1362 947 1424 te
991 1380 1211 1424 omnes
1253 1358 1436 1443 pueri
1478 1358 1874 1442 clamentque
1916 1358 2195 1442 puellae3

533 1443 694 1509 Cum
737 1444 964 1540 laqueo
994 1465 1257 1508 uxorem
1300 1443 1613 1508 interimis
1645 1446 2037 1526 matremque
2063 1462 2335 1524 venen0,

528 1527 845 1593 Incolumi
888 1528 1095 1610 capite
1138 1528 1252 1592 es?
1329 1526 1495 1604 Quid
1538 1527 1752 1675 εεῃέιῃῖ
1829 1527 2054 1674 {reque
2094 1529 2166 1590 tu
2206 1524 2336 1590 hoc

1649 1633 1781 1676 acls
1998 1633 2027 1675 s

526 1695 666 1761 Nec
707 1696 876 1760 ferro
920 1698 995 1760 ut
1037 1695 1297 1760 demens
1339 1696 1730 1781 genetricem
1774 1696 1910 1760 occi
1962 1697 2010 1759 ‘s
2038 1660 2335 1760 'Orestes.

527 1781 636 1843 An
677 1783 749 1844 tu
790 1780 948 1844 reris
994 1802 1140 1844 eum
1184 1781 1396 1845 occisa
1437 1780 1751 1845 insanisse
1793 1782 2084 1862 parente,

404 1877 500 1927 135
531 1865 629 1928 Ac
655 1885 791 1929 non
833 1867 982 1929 ante
1015 1866 1202 1930 malis
1246 1864 1606 1930 dementem
1649 1867 1860 1929 actum
1888 1862 2096 1927 Furiis
2140 1883 2339 1945 quam

527 1949 607 2014 In
647 1949 872 2015 matris
914 1950 1134 2036 iugulo
1178 1950 1418 2016 ferrum
1460 1948 1765 2034 tepefecit
1805 1946 2104 2013 acutum?

526 2034 724 2118 Quin,
770 2056 849 2099 ex
920 2038 1066 2099 uost
1091 2034 1350 2099 habitus
1380 2035 1547 2098 male
1580 2037 1754 2098 tutae
1782 2033 2018 2097 mentis
2048 2032 2336 2117 Orestes,

524 2117 639 2183 Nil
683 2140 834 2182 sane
908 2119 1032 2182 ecit
1074 2118 1245 2202 quod
1287 2122 1359 2183 tu
1401 2117 1859 2203 reprehendere
1901 2116 2137 2201 possis:

525 2201 678 2266 Non
721 2201 1007 2283 Pyladen
1048 2201 1217 2267 ferro
1262 2203 1502 2267 violare
1546 2224 1812 2267 aususve
1858 2222 2139 2266 sororem

404 2298 502 2348 140
528 2285 884 2368 Electram,
928 2288 1181 2349 tantum
1222 2285 1547 2351 maledicit
1587 2287 1838 2371 utrique
1880 2283 2167 2351 vocando

524 2368 711 2434 Hanc
722 2369 998 2453 Furiam,
1015 2368 1187 2436 hunc
1205 2370 1396 2454 aliud,
1413 2370 1600 2434 iussit
1620 2369 1790 2454 quod
1809 2368 2340 2465 splendida-bilis,
2475 2397 2476 2402 ¹

524 2453 776 2536 Pauper
819 2452 1111 2536 Opimius
1156 2455 1407 2540 argenti
1447 2454 1645 2538 positi
1687 2455 1864 2518 intus
1909 2457 1976 2518 et
2017 2474 2155 2517 aun
2166 2500 2186 2536 ‚

524 2534 649 2612 Qui
689 2535 1115 2602 Veientanum
1158 2540 1339 2603 festis
1382 2541 1601 2622 potare
1646 2537 1867 2603 diebus

524 2620 855 2705 Campana
899 2621 1125 2686 solitus
1166 2624 1363 2686 trulla.
1400 2644 1800 2707 vappamque
1841 2622 2171 2706 profestis,

400 2718 496 2768 145
528 2704 863 2781 Quondam
905 2704 1112 2770 lethar
1159 2727 1194 2770 o
1239 2706 1535 2791 grandist
1576 2727 1614 2771 o
1660 2728 1946 2791 pressus,
1990 2708 2063 2770 ut
2101 2704 2301 2769 heres

522 2791 663 2855 Iam
707 2792 946 2855 circum
989 2790 1091 2855 loc
1161 2812 1233 2855 os
1276 2793 1342 2854 et
1384 2790 1592 2856 claves
1663 2795 1839 2856 aetus
1885 2810 2211 2873 ovansque

524 2874 839 2959 Curreret.
892 2874 1084 2940 Hunc
1107 2875 1389 2940 medicus
1417 2875 1691 2940 multum
1720 2877 1885 2940 celer
1907 2878 2093 2959 atque
2120 2873 2348 2939 fidelis

521 2959 781 3023 Excitat
821 2958 945 3022 hoc
987 2963 1206 3043 pacto:
1250 2980 1540 3023 mensam
1581 2961 1740 3043 poni
1781 2960 1958 3024 iubet
2000 2962 2190 3042 atque

522 3042 786 3107 Effundi
830 3063 1046 3106 saccos
1089 3064 1525 3126 nummorum,
1572 3044 1868 3110 accedere
1956 3043 2125 3108 lures

401 3138 498 3188 150
524 3127 630 3190 Ad
649 3124 1138 3191 numerandum:
1159 3127 1486 3192 hominem
1505 3128 1596 3192 sic
1615 3129 1833 3213 erigit3
1939 3127 2033 3191 dit
2052 3129 2116 3191 et
2134 3125 2351 3192 illud:

525 3210 612 3276 ‘N
613 3211 636 3275 i
677 3213 791 3274 tua
820 3210 1096 3274 custodis
1175 3211 1396 3277 avidus
1436 3213 1565 3276 iam
1606 3211 1765 3277 haec
1807 3212 2052 3277 auferet
2091 3209 2352 3276 heres?

525 3295 701 3359 ‘Men
742 3294 958 3360 νίψω»
1034 3261 1148 3360 ‘V’t
1178 3297 1354 3362 vivas
1397 3297 1910 3455 igimnvigjla
1959 3295 2113 3444 ξω
2160 3305 2351 3381 agee

1614 3386 1633 3415 ‘
1698 3403 1765 3444 m
1850 3402 1946 3446 vls

524 3462 861 3528 ‘Deficient
903 3465 1159 3545 inopem
1201 3486 1400 3531 venae
1441 3468 1538 3549 te,
1581 3466 1650 3528 ni
1695 3465 1871 3529 cibus
1917 3467 2106 3548 atque
