2514 3950
612 779 1707 881 CARMINVM

825 979 898 1033 LI
906 979 1049 1033 BER
1083 980 1477 1036 SECVNDVS.

1148 1150 1206 1226 Ι.

466 1249 759 1346 Motum
803 1302 880 1346 ex
923 1280 1183 1346 Metello
1231 1281 1490 1346 consule
1535 1281 1800 1346 civicum

467 1362 758 1448 Bellique
803 1386 1022 1430 causas
1067 1368 1132 1430 et
1171 1366 1329 1430 vitia
1372 1368 1436 1430 et
1477 1365 1700 1430 modos

561 1448 932 1533 Ludumque
974 1449 1269 1513 fortunae
1311 1471 1658 1533 gravesque

660 1533 1028 1616 Principum
1073 1533 1382 1598 amicitias
1427 1536 1493 1597 et
1534 1555 1708 1598 arma

466 1665 770 1732 Nondum
815 1667 1080 1750 expiatis
1123 1671 1318 1733 uncta
1362 1668 1716 1752 cruoribu8‚

467 1749 868 1816 Periculosae
911 1751 1172 1834 plenum
1217 1773 1375 1836 opus
1421 1752 1621 1834 aleae,

562 1833 824 1899 Tractas
869 1838 935 1899 et
974 1835 1216 1899 incedis
1259 1858 1373 1932 per
1416 1835 1597 1920 ignes

666 1917 1044 2002 Suppositos
1090 1920 1289 1983 cineri
1332 1918 1574 1983 doloso.

468 2052 763 2117 Paullum
808 2073 1060 2116 severae
1103 2051 1289 2117 Musa
1330 2052 1693 2137 tragoediae

469 2133 656 2201 Desit
696 2135 994 2202 theatris:
1038 2157 1188 2200 mox
1227 2136 1338 2201 ubi
1380 2136 1665 2220 publicas

560 2220 688 2285 Res
733 2220 1043 2285 ordinaris
1055 2269 1074 2303 ,
1119 2220 1360 2307 grande
1405 2241 1634 2284 munus

663 2302 970 2390 Cecropio
1015 2307 1262 2387 repetes
1308 2304 1649 2388 cothurno,

466 2438 729 2525 Insigne
770 2440 1028 2504 maestis
1071 2439 1455 2522 praesidium
1496 2438 1621 2502 reis

465 2523 557 2588 Et
600 2522 990 2606 consulenti,
1034 2522 1246 2606 Polio,
1295 2521 1548 2606 Curiae,

563 2606 679 2672 Cui
723 2606 938 2670 laurus
983 2608 1276 2671 aeternos
1317 2605 1594 2671 honores

660 2688 1016 2754 Delmatico
1061 2690 1308 2777 peperit
1351 2690 1692 2773 triumpho,

468 2824 605 2889 Iam
647 2846 820 2902 nunc
859 2825 1095 2890 minaci
1137 2846 1457 2889 murmure
1501 2844 1807 2889 cornuum

467 2908 752 2974 Pe'rstrin
801 2908 856 2972 is
900 2930 1080 2973 aures
1094 2957 1112 2992 ‚
1157 2909 1286 2972 iam
1328 2907 1473 2971 litui
1516 2909 1834 2991 strepunt,

557 2992 699 3057 Iam
835 3014 955 3077 gor
998 3013 1318 3056 armorum
1360 2990 1619 3075 fugaces

662 3075 886 3140 Terret
929 3097 1124 3159 equos
1170 3074 1576 3158 equitumque
1620 3074 1849 3138 voltus.

468 3211 707 3276 Audire
749 3231 1020 3294 magnos
1063 3209 1191 3273 iam
1233 3208 1453 3273 videor
1496 3207 1718 3291 duccS‚

468 3292 620 3359 Non
662 3294 963 3359 indecoro
1005 3292 1264 3378 pulvere
1308 3292 1627 3376 sordidoS‚

559 3377 650 3441 Et
691 3381 919 3443 cuncta
960 3381 1272 3443 terrarum
1316 3376 1575 3441 subacta

659 3461 920 3527 Praeter
962 3465 1241 3528 atrocem
1285 3461 1566 3525 animum
1601 3459 1882 3526 Catonis.

2078 2150 2145 2199 10

2049 2617 2143 2698 ‚¹⁵

2075 3086 2144 3136 20
