2514 3950
224 181 373 253 xxi]
813 211 827 231 .
1016 182 1232 237 LIBER
1274 185 1317 239 1.
2056 176 2134 241 19

320 341 445 406 Hic
489 342 726 406 bellum
768 343 1205 428 lacrimosum,
1251 344 1358 408 hic
1399 345 1699 411 miseram
1741 346 1978 410 famem

321 425 697 510 Pestemque
741 448 780 490 a
819 427 1059 574 possulo
1105 430 1170 491 et
1210 429 1500 513 principe
1545 427 1815 495 Caesare
1860 431 1930 493 in

405 509 632 575 Persas
676 513 865 594 atque
952 512 1242 576 ritannos
2071 525 2133 573 15

510 592 742 659 Vestra
781 597 995 659 motus
1041 598 1190 680 aget
1232 618 1443 680 prece.

1051 936 1279 1010 XXII.

321 1079 579 1165 Integer
620 1080 787 1143 vitae
831 1081 1083 1144 sceleris
1127 1103 1206 1145 ue
1249 1104 1446 1165 purus

321 1162 385 1227 N
387 1183 471 1226 on
515 1166 664 1248 eget
681 1162 931 1227 Mauris
957 1164 1098 1227 iacu
1130 1164 1179 1228 ‘s
1221 1184 1428 1248 neque
1473 1188 1624 1231 arcu

322 1245 460 1310 Nec
501 1247 828 1310 venenatis
870 1246 1135 1331 gravida
1177 1247 1460 1333 sagittis,

298 1386 307 1399 ,
411 1329 612 1394 Fusce
624 1378 643 1413 ‚
686 1328 1014 1413 pharetra,

321 1463 466 1528 Sive
508 1485 623 1546 per
667 1462 882 1546 Syrtes
927 1465 1047 1528 iter
1090 1468 1449 1550 aestuosas,
2103 1479 2136 1529 5

321 1546 466 1611 Sive
507 1547 789 1611 facturus
832 1571 947 1632 per
988 1548 1443 1633 inhospitalem

321 1630 673 1696 Caucasum
715 1632 819 1696 vel
862 1653 1022 1715 quae
1067 1633 1212 1697 loca
1252 1635 1581 1700 fabulosus

405 1714 664 1779 Lambit
706 1714 1062 1800 Hydaspes.

317 1848 627 1931 Namque·
653 1871 756 1913 me
802 1849 962 1912 silva
1003 1851 1191 1932 lupus
1234 1851 1306 1914 in
1349 1851 1614 1934 Sabina,

317 1930 491 1996 Dum
532 1952 740 1996 meam
784 1935 971 1997 canto
1015 1931 1301 2017 Lalagen
1345 1937 1410 1998 et
1448 1935 1619 1998 ultra
2071 1947 2137 1997 10

320 2014 689 2079 Terminum
733 2016 898 2079 curis
942 2036 1143 2099 vagor
1184 2016 1526 2100 expeditiS,

404 2097 600 2183 Fugit
640 2099 975 2181 inermem,

319 2232 521 2308 Quale
563 2235 929 2317 portentum
971 2254 1176 2316 neque
1219 2234 1516 2298 militaris

317 2316 603 2380 Daunias
647 2317 795 2381 latis
841 2318 958 2381 alit
999 2319 1335 2382 aesculetis
1345 2368 1364 2401 ‚

315 2400 381 2466 N
384 2422 454 2465 ec
498 2400 692 2465 Iubae
734 2402 925 2465 tellus
968 2405 1264 2486 generat,
1310 2402 1568 2467 leonum
2069 2417 2133 2466 15

402 2484 605 2548 Arida
645 2485 881 2549 nutrix.

316 2617 496 2682 Pone
537 2640 640 2681 me
683 2618 885 2700 pigris
928 2619 1039 2682 ubi
1082 2619 1262 2682 nulla
1305 2621 1545 2703 campis

315 2701 531 2764 Arbor
574 2701 814 2765 aestiva
855 2706 1173 2766 recreatur
1216 2725 1400 2787 aura,
1535 2765 1543 2773 .

318 2784 504 2860 Quod
546 2785 712 2849 latus
754 2785 977 2849 mundi
1018 2787 1289 2851 nebulae
1332 2788 1662 2870 malusque

406 2867 693 2952 Iuppiter
735 2873 995 2955 urguet3
2066 2886 2136 2935 20

316 3002 495 3066 Pone
538 3002 655 3067 sub
682 3007 889 3067 'curru
931 3004 1200 3067 nimium
1242 3003 1586 3087 propinqui

319 3085 487 3150 Solis
530 3086 600 3149 in
642 3088 812 3150 terra
856 3087 1146 3151 domibus
1189 3090 1450 3171 negata:

316 3168 520 3234 Dulce
562 3169 875 3234 ridentem
918 3169 1204 3255 Lalagen
1248 3171 1506 3255 amabo,

401 3251 603 3317 Dulce
647 3255 1031 3339 loquentem.

1015 3445 1317 3453 *φῇ-
