2514 3950
402 134 485 197 62

406 397 471 446 10

406 853 468 901 15

402 1308 471 1356 20

404 1796 468 1843 25

406 3258 471 3307 10

1152 137 1548 195 (mmmm

571 300 698 366 Hic
741 301 874 366 dies
919 320 1088 365 anno
1131 300 1436 366 redeunte
1479 301 1680 365 festus

576 383 894 451 Corticem
937 384 1310 449 adstrictum
1396 385 1494 450 ice
1538 385 1888 450 dim0vebit

569 470 698 534 Am
742 469 964 552 horae,
1008 469 1255 533 fumum
1299 469 1365 533 b1
1411 490 1515 533 ere
1557 469 1890 534 institutae

763 554 986 618 onsule
1028 552 1236 618 Tullo,

573 672 794 755 Sume,
837 670 1173 736 Maecenas
1186 719 1206 753 ‚
1254 670 1518 754 cyathos
1562 671 1751 736 amici

573 755 693 821 Sos
738 755 847 820 itis
893 757 1145 820 centum
1188 757 1255 819 et
1296 755 1524 840 vigiles
1566 756 1857 820 lucernas

575 839 665 904 Pe
728 861 796 904 er
837 839 909 903 in
950 840 1185 904 lucem:
1230 839 1455 922 procul
1499 839 1705 904 omnis
1751 842 1888 903 esto

710 922 968 989 Clamor
1011 925 1078 987 et
1118 923 1232 987 ira.
1917 941 1926 950 ·

571 1042 759 1106 Mitte
803 1041 1019 1106 civiles
1063 1062 1253 1124 super
1294 1041 1450 1105 urbe
1495 1061 1709 1106 curas:

574 1125 825 1192 Occidit
864 1125 1027 1191 Daci
1069 1125 1394 1191 Cotisonis
1438 1145 1700 1210 agmen,

570 1209 796 1275 Medus
839 1210 1111 1274 infestus
1156 1209 1279 1274 sibi
1322 1209 1628 1274 luctuosis

702 1293 988 1358 Dissidet
1024 1293 1245 1376 armis,

574 1411 782 1477 Servit
822 1411 1149 1495 Hispanae
1190 1413 1372 1475 vetus
1414 1410 1619 1475 hostis
1664 1432 1812 1477 orae

576 1494 896 1561 Cantaber
937 1516 1078 1560 sera
1120 1494 1398 1560 domitus
1443 1497 1698 1579 catena,

572 1579 713 1643 Iam
757 1578 1028 1661 Scythae
1070 1580 1216 1644 laxo
1260 1578 1649 1645 meditantur
1691 1601 1841 1644 arcu

712 1662 949 1728 Cedere
995 1664 1254 1748 campis.

578 1781 974 1867 Neglegens‚
1017 1802 1229 1866 nequa
1269 1781 1543 1878 populus
1585 1776 1865 1866 laboret,

573 1865 771 1930 Parce
812 1866 1098 1950 privatus
1140 1866 1411 1930 nimium
1457 1886 1704 1948 cavere3

497 2033 505 2043 ι
572 1948 780 2049 Dona·
804 1951 1157 2035 praesentis
1202 1971 1356 2036 cape
1400 1950 1604 2015 laetus
1645 1947 1875 2034 horae,

707 2035 953 2118 Linque
998 2057 1234 2101 severa.

1246 2290 1480 2365 Vlm.

572 2421 819 2487 ‘Donec
860 2423 1080 2519 gratus
1125 2443 1300 2486 eram
1341 2421 1470 2498 tibi4

707 2505 845 2571 Nec
887 2526 1222 2603 qmsquam
1264 2506 1441 2590 potio
1507 2503 1794 2570 bracchia
1822 2505 2133 2572 candidae

573 2589 824 2657 Cervici
866 2590 1113 2655 iuvems
1158 2589 1382 2674 dabat,

706 2672 1043 2740 Persarum
1084 2674 1263 2759 vigui
1304 2695 1455 2759 rege
1498 2675 1788 2740 beatior!

575 2791 821 2857 ‘Donec
862 2813 996 2856 non
1039 2792 1167 2856 alia
1206 2792 1415 2877 magis

534 2959 537 2960 ⁷
705 2877 940 2941 Arsisti
981 2897 1188 2961 neque
1231 2879 1369 2941 erat
1409 2875 1613 2960 Lydia
1654 2879 1804 2961 post
1845 2875 2132 2960 Chloen,

570 2959 763 3024 Multi
802 2959 1006 3044 Lydia
1046 2960 1327 3025 nominis

703 3043 996 3109 Romana
1036 3045 1213 3129 vigui
1256 3045 1487 3110 clarior
1527 3044 1693 3111 Ilia?

570 3162 701 3227 ‘Me
744 3184 915 3227 nunc
958 3161 1234 3227 Thressa
1277 3161 1477 3228 Chloe
1518 3163 1717 3247 regit,

707 3244 944 3311 Dulces
989 3245 1179 3310 docta
1219 3245 1444 3311 modos
1488 3248 1554 3310 et
1596 3244 1877 3309 citharae
1922 3245 2139 3312 sciens
2152 3296 2177 3334 ,

570 3329 696 3394 Pro
742 3352 869 3426 qua
909 3350 1045 3393 non
1086 3331 1368 3425 metuam
1410 3329 1604 3411 mori,
1854 3411 1867 3425 .
1904 3411 1917 3425 υ

708 3411 778 3476 Si
819 3414 1084 3494 parcent
1124 3434 1375 3476 ammae
1419 3413 1554 3477 fata
1597 3413 1967 3497 superstiti?
