2514 3950
898 175 1467 236 PROLEGOMENA.
2013 179 2144 237 XIX

236 318 453 384 Veluti
481 342 531 384 c.
553 337 674 404 1111,
701 321 746 384 4
770 319 1017 385 habent
1045 321 1223 387 codd.
1252 323 1547 407 plerique
1564 323 1896 408 ineptam
1875 323 2142 408 inscrip-

235 407 475 473 tionem
514 408 596 472 ad
630 409 860 473 urbem
885 409 1165 475 Romam
1195 411 1329 475 sive
1356 410 1738 495 Romanam,
1779 411 2037 476 ductam
2066 434 2144 475 ex

235 496 343 562 illo
377 499 461 576 [v.
483 497 595 576 37]
624 498 777 578 quid
800 498 1028 581 debetne,
1055 519 1089 563 o
1115 497 1339 583 Roma,
1368 498 1731 564 Neronibus.
1779 498 1946 575 Quid
1971 500 2144 583 quod

235 603 302 668 11,
333 586 415 650 18
445 585 748 669 legitur
728 608 798 649 m
826 586 1012 650 libris
1043 587 1269 651 multis
1298 587 1478 651 tituli
1505 588 1715 652 instar
1751 590 1837 652 ad
1868 588 2142 652 aurum?

362 671 603 748 Quodsi
619 674 687 738 in
700 674 1072 739 nominibus
1091 696 1533 761 personarum,
1549 677 1630 741 ad
1646 697 1806 759 quas
1823 676 1977 740 data
1992 680 2143 740 sunt

237 762 533 846 carmina,
569 762 1042 846 perscribendis
1082 764 1399 847 quaedam
1436 767 1843 830 accesserunt
1874 764 2142 848 inscrip-

234 848 516 915 tionibus
569 873 645 914 ex
693 850 956 916 scholiis
1007 851 1388 917 Horatianis
1398 903 1418 936 ,
1466 857 1688 924 tamen
1724 853 1887 917 talia
1922 853 2142 937 potius

233 937 756 1024 interpretationi
785 943 937 1004 sunt
965 941 1282 1005 servanda
1310 944 1425 1006 aut
1443 942 1513 1005 in
1529 941 1769 1006 indices
1791 940 2142 1005 referenda.

360 1026 501 1091 Iam
552 1031 901 1111 antequam
943 1029 1026 1092 ad
1075 1029 1336 1114 singula
1369 1028 1633 1094 Horatii
1678 1029 1967 1094 carmina
2010 1033 2142 1093 tra-

235 1115 467 1179 ctanda
512 1136 615 1178 me
653 1115 1003 1199 applicem,
1047 1117 1293 1181 notabo
1340 1117 1517 1182 haec.

361 1200 677 1267 Horatius
724 1202 850 1266 etsi
893 1224 1246 1286 numquam
1287 1203 1509 1267 eadem
1546 1226 1701 1268 usus
1738 1208 1840 1268 est
1876 1205 2143 1289 popula-

233 1289 425 1355 ritate
462 1313 590 1374 qua
625 1289 978 1376 VergiliuS,
1012 1296 1234 1356 tamen
1267 1292 1473 1375 probe
1517 1292 1977 1356 intellexerunt
2017 1292 2143 1356 Ro-

233 1378 425 1462 mani,
463 1382 777 1462 quantum
816 1379 876 1443 ei
914 1380 1236 1444 deberent.
1301 1380 1393 1444 Et
1428 1380 1708 1444 maxime
1747 1380 2004 1481 quidem
2034 1403 2143 1481 ap-

232 1470 417 1550 paret
480 1488 722 1553 magna
784 1468 902 1533 illa
967 1490 1126 1533 saec.
1181 1491 1242 1552 p.
1287 1467 1441 1534 Chr.
1494 1490 1557 1534 n.
1612 1468 1809 1553 primi
1861 1469 2143 1554 ingenia,

233 1576 506 1638 quorum
542 1556 778 1621 clausit
817 1578 1053 1642 agmen
1080 1556 1366 1642 TacituS,
1402 1560 1468 1621 et
1498 1557 1977 1622 studiosissima
2006 1557 2143 1621 eius

230 1643 427 1709 fuisse
484 1648 549 1708 et
602 1643 1030 1730 peritissima,
1081 1667 1226 1710 cum
1293 1645 1555 1730 quidam
1600 1647 1817 1731 inepte
1864 1646 2144 1710 dixerint

233 1754 377 1797 eum
423 1736 716 1818 tempore
761 1733 878 1798 illo
925 1734 1034 1798 vix
1081 1755 1219 1798 esse
1266 1735 1650 1799 lectitatum.
1713 1734 1957 1799 Mansit
1994 1734 2142 1798 ulti-

230 1820 354 1884 mis
399 1821 659 1906 imperii
702 1821 985 1886 Romani
1023 1823 1295 1887 saeculis
1336 1823 1680 1887 admiratio
1729 1822 1863 1887 eius
1914 1826 1979 1886 et
2014 1821 2143 1886 for-

228 1912 408 1974 tasse
455 1912 644 1974 aucta
689 1914 816 1994 est,
864 1910 977 1974 sed
1033 1914 1108 1974 ut
1152 1911 1372 1995 potius
1421 1915 1593 1975 esset
1639 1910 2031 1977 scholastica
2077 1914 2143 1974 et

230 1998 610 2082 plerumque
678 1998 930 2062 servilis
990 2020 1184 2080 quam
1249 2020 1377 2081 qua
1430 1999 1726 2062 homines
1781 2000 2144 2062 liberaliter

231 2085 469 2150 eruditi
514 2085 729 2149 solent
763 2086 1068 2169 prosequi
1106 2107 1380 2171 magnos
1419 2086 1786 2170 scriptores.
1851 2085 2013 2150 Post
2049 2108 2143 2149 re-

232 2176 529 2238 staurata
583 2195 745 2239 saec.
789 2192 888 2239 xv
931 2174 1359 2239 humanitatis
1408 2174 1623 2239 studia
1671 2174 1784 2238 alii
1825 2174 2016 2239 aliter
2067 2173 2143 2238 de

229 2261 508 2327 Horatio
536 2261 920 2327 iudicarunt.
956 2262 1102 2348 Ego
1133 2262 1288 2347 quid
1316 2264 1678 2328 existimem
1699 2263 1777 2327 de
1798 2285 1892 2347 ec,
1912 2263 2143 2344 quibus

229 2351 463 2435 cupido
499 2350 700 2415 fuerit
735 2352 1182 2436 cognoscendi,
1226 2355 1536 2435 poterunt
1584 2351 1799 2416 doceri
1834 2351 2002 2416 libro
2043 2350 2144 2415 ‘de

228 2440 369 2504 vita
405 2438 664 2503 Horatii
712 2443 778 2504 et
824 2439 1128 2524 scriptis',
1175 2461 1366 2523 quem
1402 2441 1578 2505 intra
1613 2461 1853 2525 paucos
1892 2461 2143 2504 menses

229 2550 378 2593 sum
425 2528 732 2593 editurus.

368 2620 732 2681 C.1—vm1.
795 2621 959 2681 Nota
993 2621 1311 2681 Horatium
1351 2622 1416 2679 in
1458 2622 1669 2697 primis
1714 2640 1928 2682 novem
1965 2621 2144 2681 huius

226 2710 371 2769 libri
416 2710 710 2785 poematis
757 2709 1009 2770 diversis
1054 2710 1273 2786 ubique
1318 2728 1497 2769 usum
1541 2728 1670 2770 esse
1715 2710 2004 2784 numeris,
2058 2709 2146 2767 ni-

224 2799 452 2858 mirum
494 2802 566 2857 ut
607 2798 814 2860 statim
857 2799 994 2874 ipsa
1029 2793 1420 2876 πολυμετρίᾳ
1461 2798 1757 2858 lectorum
1792 2798 2020 2858 animos
2057 2797 2146 2873 ly-

224 2887 354 2947 rico
402 2887 651 2946 carmini
695 2885 1108 2947 adsuefaceret
1152 2888 1214 2946 et
1259 2886 1637 2947 conciliaret..
1724 2886 1897 2947 Nova
1943 2889 2147 2945 autem

225 2980 294 3036 et
350 2976 547 3036 aliena
601 2976 676 3034 ab
729 2975 844 3050 his,
889 2994 1040 3051 quae
1084 2976 1150 3034 in
1192 2976 1398 3034 limine
1444 2975 1641 3051 operis
1687 2976 1906 3050 posuit,
1949 2977 2145 3033 metra

224 3064 510 3125 adhibuit
544 3065 850 3141 quattuor,
894 3082 1015 3124 non
1047 3065 1242 3140 plura,
1289 3065 1352 3122 et
1388 3064 1628 3139 quidem
1664 3062 2025 3122 carminibus
2062 3081 2144 3123 vl.

223 3155 319 3213 At
370 3154 437 3214 in
490 3152 695 3230 epodis
751 3152 1046 3213 contrario
1099 3154 1279 3229 plane
1331 3151 1573 3212 modulo
1625 3151 1956 3212 delectatus
2004 3170 2146 3226 opu-

227 3243 401 3302 scula
444 3242 626 3304 variis
671 3242 994 3319 generibus
1039 3259 1321 3304 versuum
1377 3240 1712 3301 constantia
1758 3241 1823 3301 in
1865 3240 2148 3299 ultimum

222 3329 470 3408 redegit
512 3332 792 3393 volumen
833 3332 1010 3390 idem.

366 3419 578 3497 Neque
631 3420 784 3480 illud
836 3423 1063 3481 temere
1116 3419 1489 3497 institutum,
1554 3416 1713 3494 quod
1766 3435 1900 3476 cum
1951 3415 2143 3492 primo

1745 3514 1826 3569 b*
