2514 3950
376 149 461 215 28
1141 160 1534 218 CARMINVM

517 318 606 383 'Pe
651 318 810 403 Spes
854 324 919 385 et
960 322 1105 387 albo
1147 344 1295 388 rara
1336 323 1525 389 Fides
1572 326 1727 391 colit

515 401 743 468 Velata
782 406 825 486 †
850 427 1096 490 panno,
1139 428 1261 472 nec
1306 409 1604 475 comitem
1648 411 1953 497 abnegat,

598 486 955 572 Vtcumque
997 494 1245 555 mutata
1285 495 1579 575 potentes

702 570 897 637 Veste
941 574 1166 639 domos
1209 575 1472 640 inimica
1512 578 1768 663 linquis.

371 698 436 748 25
507 687 600 751 At
638 690 868 775 volgus
910 691 1176 756 infidum
1221 696 1287 757 et
1327 696 1630 759 meretrix
1671 699 1842 761 retro

508 770 770 837 Periura
814 774 1011 858 cedit,
1065 776 1410 874 diffugiunt
1453 779 1626 843 cadis

599 854 763 922 Cum
804 858 983 922 faece
1026 859 1282 924 siccat1s
1326 863 1545 946 amici,

705 939 896 1005 Ferre
939 942 1161 1028 iugum
1202 945 1445 1028 pariter
1488 946 1713 1014 dolosi.

507 1055 731 1122 Serves
774 1059 1010 1124 iturum
1054 1060 1391 1127 Gaesarem
1433 1063 1506 1128 in
1546 1064 1808 1129 ultimos

365 1150 434 1200 30
506 1139 695 1205 Orbis
738 1141 1083 1210 Britannos
1096 1194 1115 1228 ‚
1161 1149 1227 1211 et
1269 1147 1568 1212 iuvenum
1609 1170 1831 1213 recens

297 1220 304 1227 ’
589 1223 878 1291 Examen
919 1228 1077 1293 Eois
1118 1230 1473 1296 timendum

696 1309 991 1375 Partibus
1038 1312 1418 1398 Oceanoque
1459 1316 1671 1381 rubr0.

501 1421 687 1486 Eheu
731 1423 1097 1490 cicatricum
1145 1433 1210 1492 et
1253 1430 1511 1494 sceleris
1555 1430 1754 1514 pudet

502 1503 796 1571 Fratrum
841 1530 938 1573 ue.
1028 1510 1194 1586 Quid
1235 1535 1356 1577 nos
1402 1515 1557 1579 dura
1597 1515 1949 1600 refugimus

363 1597 428 1648 35
598 1589 798 1655 Aetas
862 1675 876 1689 ο
900 1594 1050 1676 quid
1092 1597 1406 1661 intactum
1448 1599 1684 1663 nefasti

692 1673 1067 1758 Liqmmus‘?
1147 1681 1319 1745 unde
1357 1703 1616 1747 manum
1658 1683 1952 1747 iuventus

497 1787 677 1854 Metu
720 1791 980 1858 deorum
1023 1796 1384 1861 continuit?
1442 1799 1668 1883 quibus

497 1871 586 1937 Pe
635 1875 793 1939 ercit
833 1879 1006 1942 aris‘?
1064 1879 1118 1944 Ο
1162 1880 1409 1946 utinam
1450 1904 1618 1947 nova

664 1960 821 2025 cude
863 1961 1163 2049 diffingas
1206 1968 1491 2031 retusum
1532 1967 1604 2031 in

352 2049 422 2101 40
691 2042 1084 2132 Massagetas
1127 2049 1501 2134 Arabasque
1542 2051 1810 2118 ferrum!

1144 2304 1475 2381 XXXVI.

488 2426 580 2491 Et
644 2431 784 2494 ture
852 2435 918 2497 et
958 2433 1188 2499 fidibus
1232 2435 1409 2501 iuvat

571 2511 830 2580 Placare
875 2518 942 2581 et
982 2518 1167 2583 vituli
1211 2521 1523 2606 sanguine
1569 2523 1784 2590 debito

487 2593 797 2663 Custodes
839 2598 1156 2667 Numidae
1200 2603 1381 2688 deoS‚

573 2678 697 2755 Qui
736 2704 910 2748 nunc
951 2683 1266 2770 Hesperia
1308 2709 1526 2774 sospes
1571 2691 1651 2756 ab
1693 2692 1919 2756 ultima

339 2803 374 2854 5
482 2793 663 2860 Garis
706 2800 908 2864 multa
951 2802 1273 2869 sodalibus
1284 2854 1304 2889 ‚

564 2879 748 2946 Nulli
789 2884 974 2967 plura
1014 2889 1231 2952 tamen
1273 2889 1499 2954 dividit
1542 2890 1761 2954 oscula

481 2961 687 3038 Quam
731 2966 901 3033 dulci
943 2970 1229 3057 Lamiae,
1274 2994 1520 3039 memor

562 3047 764 3113 Actae
807 3073 942 3116 non
984 3056 1109 3120 alio
1153 3078 1304 3142 rege
1348 3058 1630 3142 puertiae

477 3161 886 3251 Mutataeque
927 3171 1116 3236 simul
1157 3177 1368 3260 togae.

343 3256 409 3307 10
569 3246 796 3315 Cressa
835 3275 919 3317 ne
963 3260 1174 3321 careat
1213 3258 1479 3341 pulchra
1522 3260 1657 3323 dies
1699 3262 1887 3343 nota,

473 3330 620 3396 Neu
660 3340 991 3420 promptae
1035 3340 1262 3404 modus
1307 3342 1677 3425 amphorae,

2066 90 2300 239 [xxxvj

558 3413 705 3481 Neu
746 3440 990 3483 morem
1030 3423 1102 3485 in
1145 3422 1388 3487 Salium
1409 3426 1518 3488 sit
1556 3427 1804 3510 requies
1847 3428 2118 3519 pedum,
