2514 3950
203 218 322 290 vn]
984 215 1200 271 LIBER
1238 216 1284 276 1.
1969 206 2089 271 197

202 378 448 444 Tandem
490 376 835 441 dormitum
878 375 1235 441 dimittitur.
1322 376 1451 441 Hic
1491 376 1604 441 ubi
1647 400 1835 464 saepe

201 462 502 529 Occultum
542 461 717 525 visus
762 460 1092 525 decurrere
1133 461 1331 544 piscis
1375 461 1458 525 ad
1499 459 1790 545 hamum,

196 547 362 611 Mane
400 545 599 610 cliens
644 547 708 609 et
749 545 878 608 iam
921 546 1127 610 certus
1173 545 1467 628 conviva,
1518 545 1772 610 iubetur
2022 557 2088 610 ‘15

192 631 345 696 Rura
380 628 743 695 suburbana
782 628 1039 694 indictis
1085 649 1297 694 comes
1341 629 1434 693 ire
1476 628 1757 693 Latinis:

190 714 487 800 Inpositus
529 714 781 778 mannis
824 735 1046 779 arvum
1088 714 1458 797 caelumque
1503 712 1814 779 Sabinum

187 799 324 866 Non
361 800 562 864 cessat
602 797 879 863 laudare.
965 797 1161 863 Videt
1201 798 1489 882 ridetque
1532 797 1923 882 Philippuspv

183 883 265 949 Et
289 883 399 949 sibi
441 883 591 948 dum
619 883 935 967 requiem,
980 881 1132 946 dum
1169 882 1334 947 risus
1363 881 1644 966 undique
1687 883 1961 966 quaerit,

181 968 339 1033 Dum
378 970 621 1064 septem
664 965 865 1031 donat
908 966 1229 1049 sestertia,
1274 969 1494 1030 mutua
1537 970 1780 1050 septem
2021 978 2091 1029 80

181 1051 518 1133 Promitt1t‚
561 1048 904 1133 persuadet
944 1050 1042 1112 uti
1082 1051 1399 1114 mercetur
1442 1050 1741 1134 agellum.

179 1135 499 1200 Mereatur.
586 1131 652 1199 N
654 1154 688 1197 e
729 1136 798 1198 te
840 1132 1055 1218 longis
1100 1132 1477 1219 ambagibus
1521 1134 1692 1198 ultra

182 1219 384 1295 Quam·
399 1218 554 1282 satis
600 1220 699 1281 est
724 1237 963 1282 morer:
1003 1238 1080 1280 ex
1107 1216 1314 1283 nitido
1343 1217 1417 1281 fit
1453 1217 1728 1282 rusticus
1772 1221 1962 1300 atque

179 1302 389 1368 Sulcos
433 1304 498 1366 et
539 1301 756 1367 vineta
798 1303 1016 1384 crepat
1056 1322 1260 1385 mera,
1303 1304 1643 1386 praeparat
1684 1302 1893 1366 ulmos
1907 1349 1927 1385 ,

172 1387 509 1452 Inmoritur
552 1385 779 1450 studiis
822 1388 888 1450 et
930 1406 1143 1450 amore
1187 1386 1461 1451 senescit
1501 1384 1798 1450 habendi.
2022 1398 2089 1450 85

171 1470 403 1536 Verum
443 1470 555 1534 ubi
599 1490 747 1535 oves
790 1470 962 1534 furto
1035 1470 1260 1534 morbo
1304 1470 1549 1554 periere
1593 1471 1905 1554 capellae,

171 1555 358 1640 Spem
398 1554 669 1620 mentita
712 1575 926 1640 seges,
969 1519 1088 1619 bos
1133 1557 1231 1619 est
1274 1557 1533 1620 enectus
1579 1554 1849 1640 arand03

168 1639 458 1706 Offensus
502 1638 752 1704 damnis
794 1638 1007 1704 media
1048 1638 1127 1704 de
1169 1641 1360 1704 nocte
1404 1639 1721 1705 caballum

162 1725 409 1808 Arripit
449 1725 775 1808 iratusque
816 1723 1104 1807 Philippi
1145 1723 1355 1788 tendit
1397 1724 1479 1789 ad
1522 1725 1729 1790 aedes,

162 1808 365 1885 Quem
408 1809 599 1874 simul
642 1807 935 1891 adspexit
977 1807 1271 1872 scabrum
1312 1809 1766 1953 infionsumque
1808 1808 1956 1873 Phi·
2021 1821 2089 1870 90

1514 1913 1590 1955 113

160 1977 435 2054 ‘Darasa
469 1975 580 2053 ait,
601 1973 875 2057 ‹vu1tei,
917 1973 1111 2038 nimis
1154 1912 1560 2058 attentusffie
1601 1939 1837 2041 ’videris

153 2060 322 2126 Esse
350 2058 552 2124 mihi?
614 2058 786 2142 ‘Pol,
829 2078 933 2121 me
963 2057 1298 2142 miserum,
1341 2061 1641 2143 patrone,
1672 2080 1932 2124 vocares
1943 2108 1963 2143 ,

156 2144 230 2211 Si
274 2144 499 2208 velles'
543 2143 615 2207 in
657 2143 756 2206 uit
799 2150 1042 2207 ‘verum
1083 2141 1242 2206 mihi
1284 2163 1524 2227 ponere
1565 2164 1821 2210 nomen.

154 2227 348 2304 Quod
389 2230 457 2292 te
487 2249 605 2312 per
694 2226 909 2292 enium
950 2226 1358 2311 dextramque
1387 2227 1663 2313 deosque
1692 2227 1962 2294 Penates

152 2312 445 2378 Obsecro
492 2314 558 2377 et
599 2312 915 2396 obtestor,
958 2311 1128 2376 vitae
1169 2332 1273 2376 me
1316 2311 1509 2376 redde
1552 2312 1752 2395 priori
1766 2315 1808 2378 1’
2022 2325 2088 2375 95

150 2397 283 2473 Qui
328 2396 529 2462 semel
571 2395 889 2481 adspexit,
976 2398 1244 2460 uantum
1290 2394 1550 2461 dimissa
1637 2396 1807 2461 etitis

143 2481 530 2564 Praestent,
574 2483 822 2545 mature
863 2500 934 2544 re
980 2482 1083 2544 eat
1122 2482 1493 2563 repetatque
1535 2502 1603 2545 re
1635 2480 1775 2545 ‘cta.

144 2564 379 2630 Metiri
423 2586 491 2628 se
534 2584 846 2649 quemque
889 2584 1003 2628 suo
1047 2562 1307 2628 modulo
1337 2585 1413 2630 ac
1454 2564 1615 2650 pede
1659 2568 1960 2632 verumst.

1026 2853 1225 2929 VIII.

129 2987 343 3054 Celso
391 2985 670 3071 gaudere
714 2988 780 3050 et
820 2986 983 3051 bene
1023 3006 1161 3049 rem
1203 3005 1425 3070 gerere
1468 2984 1877 3050 Albinovano

124 3070 345 3134 Musa
388 3073 618 3155 rogata
659 3069 826 3133 refer
839 3118 859 3153 ,
904 3068 1124 3134 comiti
1168 3068 1535 3153 scribaeque
1577 3068 1644 3134 N
1646 3070 1875 3134 eronis.

125 3152 209 3219 Si
234 3156 516 3235 quaeret
535 3154 688 3238 quid
708 3175 916 3239 agam,
936 3152 1040 3218 dic
1055 3154 1260 3217 multa
1283 3156 1347 3218 et
1366 3152 1633 3237 pulchra
1654 3154 2008 3218 minantem

118 3235 394 3316 Vivere
423 3257 542 3302 nec
583 3240 755 3303 recte
796 3258 916 3303 nec
961 3237 1267 3320 suaviter,
1311 3237 1483 3301 haud
1526 3238 1676 3321 quia
1717 3237 1963 3323 grando

118 3318 546 3386 Gontuderit
583 3322 746 3387 vites
790 3322 1076 3388 oleamve
1118 3321 1535 3387 momorderit
1577 3324 1819 3405 aestus,
2057 3334 2090 3384 5

109 3404 283 3471 Nec
337 3404 496 3488 quia
537 3404 904 3490 longinquis
935 3410 1292 3472 armentum
1322 3409 1613 3493 aegrotet
1653 3406 1725 3470 in
1757 3406 1960 3492 agris3

109 3488 267 3556 Sed
322 3488 486 3573 quia
512 3493 725 3553 mente
753 3491 963 3557 minus
1006 3491 1254 3557 validus
1300 3513 1490 3577 quam
1518 3511 1783 3577 corpore
1824 3493 1964 3556 toto
