2514 3950
257 184 353 255 11.]
1038 180 1255 235 mssa
1297 181 1368 237 11.
2062 172 2185 238 227

261 344 350 409 Te
394 343 722 408 dominum
753 342 966 407 sentit.
1040 341 1176 406 Das
1207 345 1533 426 nummos,
1578 342 1710 406 acci
1758 342 1813 406 is
1841 363 2061 427 uvam,

260 427 508 511 Pullos,
555 448 704 511 ova,
750 426 976 491 cadum
1019 426 1271 491 temeti:
1315 446 1545 509 nempe
1589 446 1695 489 mo
1742 446 1780 490 o
1821 426 1949 491 isto

260 512 606 577 Paullatim
648 511 949 576 mercaris
980 532 1251 595 agrum,
1298 509 1572 574 fortasse
1614 510 1915 574 trecentis

262 597 397 662 Aut
439 596 633 662 etiam
675 617 866 680 supra
907 615 1315 661 nummorum
1356 594 1614 659 milibus
1660 614 1762 658 em
1805 596 1966 660 tum.
2097 607 2190 655 105

263 680 429 756 Quid
470 680 696 762 refert,
742 680 915 744 vivas
957 682 1293 744 numerato
1336 699 1542 764 nuper
1585 700 1672 743 an
1714 616 1914 743 ofim‘?

261 764 533 849 Emptor
575 764 824 829 Aricini
868 765 1186 847 quondam
1231 763 1520 828 Veientis
1565 767 1630 828 et
1672 763 1807 827 arv-i

260 848 569 934 Emptum
598 852 785 914 cenat
813 848 983 933 olus,
1028 849 1317 932 quamvis
1347 849 1531 912 aliter
1572 850 1787 931 putat3
1833 846 2064 932 emptis

262 932 393 999 Sub
434 935 692 999 noctem
734 932 1015 1017 gelidam
1057 932 1254 1017 lignis
1300 931 1634 996 calefactat
1673 931 1978 1016 ahenum3

263 1016 387 1081 Sed
431 1019 619 1081 vocat
646 1037 846 1111 usque
891 1037 1105 1097 suum,
1150 1036 1277 1112 qua
1318 1016 1592 1111 populus
1623 1016 1827 1080 adsita
1857 1016 2045 1081 certis
2093 1028 2191 1077 170

263 1099 603 1164 Limitibus
644 1099 855 1163 vicina
896 1098 1135 1183 refugit
1176 1120 1417 1184 1urg1a3
1461 1102 1788 1181 tamquam

266 1182 364 1248 Sit
380 1183 710 1267 proprium
731 1182 1087 1266 quicquam,
1116 1184 1356 1266 puncto
1388 1182 1559 1266 quod
1586 1182 1843 1247 mobilis
1871 1182 2064 1248 horae

263 1266 452 1332 Nunc
495 1287 716 1351 prece,
770 1287 943 1331 nunc
996 1267 1235 1350 pretio,
1294 1287 1466 1332 nunc
1509 1267 1600 1350 vi,
1645 1287 1817 1331 nunc
1859 1270 2065 1331 morte

262 1435 590 1533 Permutet
632 1435 925 1501 dominos
970 1438 1036 1501 et
1078 1435 1262 1533 cedat
1303 1435 1374 1499 in
1416 1372 1815 1500 altelrgr‘iffl

264 1520 370 1585 Sic
413 1541 564 1604 quia
603 1524 949 1604 perpetuus
990 1520 1154 1585 1111111
1197 1520 1384 1584 datur
1426 1542 1605 1604 usus,
1651 1522 1717 1585 et
1757 1518 1942 1583 heres
2095 1531 2189 1581 175

261 1604 579 1670 Heredem
621 1604 880 1669 alternis
924 1605 1099 1670 velut
1140 1604 1315 1669 unda
1359 1604 1726 1689 supervenit
1768 1602 2036 1687 undam,

264 1688 431 1765 Quid
472 1689 598 1754 vici
682 1691 909 1754 rosunt
951 1692 1063 1753 aut
1102 1688 1378 1754 horrea?
1425 1689 1655 1773 quidve
1701 1688 1990 1755 Calabris

262 1772 543 1839 Saltibus
586 1795 624 1837 a
672 1773 816 1837 ’0011
857 1772 1132 1855 Lucani,
1178 1774 1234 1837 si
1276 1773 1461 1836 metit
1504 1772 1705 1838 Orcus

265 1857 551 1922 Grandia
593 1878 738 1921 cum
778 1856 993 1938 parvis
1007 1903 1025 1936 ,
1067 1876 1202 1920 non
1245 1856 1587 1920 exorabilis
1631 1855 1832 1920 auro?

264 1940 586 2024 Gemmas,
617 1959 913 2023 marmor,
945 1939 1117 2023 ebur,
1148 1937 1480 2023 Tyrrhena
1509 1939 1737 2037 sigilla,
1771 1940 2060 2027 tabellas,
2094 1954 2193 2005 180

263 2027 658 2110 Argentum,
703 2026 909 2088 vestes
956 2022 1226 2089 Gaetulo
1272 2024 1510 2089 murice
1552 2026 1787 2089 tinctas

264 2108 430 2174 Sunt
472 2108 579 2192 qui
618 2129 752 2172 non
794 2107 1101 2192 habeant,
1148 2111 1247 2174 est
1290 2109 1400 2193 qui
1427 2130 1561 2173 non
1590 2112 1770 2173 curat
1809 2108 2062 2174 habere.

265 2192 397 2259 Cur
438 2192 600 2257 alter
639 2193 907 2257 fratrum
952 2213 1196 2258 cessare
1241 2197 1307 2258 et
1350 2193 1564 2259 ludere
1609 2198 1674 2259 01
1714 2194 1916 2278 ungui

263 2276 591 2342 Praeferat
630 2276 905 2342 Herodis
947 2278 1245 2362 palmetis
1289 2278 1667 2365 pinguibus,
1713 2279 1874 2344 alter

262 2361 459 2427 Dives
504 2365 569 2426 et
609 2362 680 2426 in
726 2365 989 2427 ortunus
1033 2362 1116 2426 ad
1155 2363 1449 2428 umbram
1491 2364 1653 2428 lucis
1697 2362 1778 2427 ab
1823 2364 1968 2427 ortu
2096 2375 2190 2424 185

263 2445 632 2511 Silvestrem
720 2447 946 2512 ammis
991 2449 1056 2511 et
1096 2447 1266 2510 ferro
1308 2448 1565 2531 mitiget
1606 2469 1862 2531 agrum,

264 2529 401 2595 Scit
444 2529 684 2595 Genius
694 2578 713 2613 ‚
757 2531 972 2594 natale
1016 2550 1228 2594 comes
1273 2532 1381 2613 qui
1422 2534 1734 2616 temperat
1777 2534 2047 2616 astrum,

261 2613 548 2680 Naturae
591 2613 745 2678 deus
787 2613 1130 2698 humanae,
1175 2616 1464 2681 mortalis
1505 2616 1575 2680 in
1615 2638 1814 2681 unum

263 2698 574 2782 Quodque
619 2701 811 2782 caput
881 2698 1060 2764 voltu
1101 2700 1454 2784 mutabilis,
1500 2701 1682 2765 albus
1728 2704 1792 2764 et
1834 2702 1988 2764 ater.

259 2782 425 2849 Vtar
469 2785 533 2848 et
576 2803 655 2847 ex
696 2748 979 2867 modic0,
1023 2787 1331 2868 quantum
1372 2806 1475 2849 res
1516 2785 1765 2868 poscet,
1812 2803 2037 2847 acervo
2095 2794 2192 2845 190

259 2867 512 2933 'Pollam
554 2888 675 2933 nec
718 2871 1028 2965 metuam,
1074 2868 1226 2965 quid
1271 2868 1348 2932 de
1392 2889 1494 2932 me
1537 2866 1775 2930 iudicet
1814 2865 2024 2950 heres,

260 2952 449 3028 Quod
489 2973 625 3017 non
665 2952 850 3036 plura
892 2952 1057 3017 datls
1100 2951 1442 3016 mvenerit·
1490 2953 1556 3015 et
1595 2953 1815 3016 tamen
1855 2950 2024 3015 idem

263 3035 440 3101 Scire
483 3038 723 3120 volam,
769 3038 1079 3120 quantum
1123 3034 1395 3118 simplex
1428 3001 1782 3119 ²hilarisque
1823 3035 2045 3119 nepoti

261 3118 600 3205 Discrepet
641 3124 708 3186 et
750 3122 1057 3204 quantum
1100 3119 1421 3184 discordet
1506 3140 1686 3185 arcus
1731 3131 1945 3185 avaro.

262 3201 484 3267 Distat
544 3205 744 3290 enim,
810 3224 1076 3289 spargas
1140 3205 1252 3268 tua
1315 3225 1433 3288 pro
1486 3204 1623 3290 ‘gus
1633 3255 1652 3288 ,
1722 3226 1807 3269 an
1859 3224 2064 3287 neque

719 3329 725 3333 <
1492 3292 1816 3373 sumptum
2097 3300 2192 3350 195

262 3371 514 3437 Invitus
556 3371 751 3439 facias
793 3395 998 3459 neque
1040 3374 1227 3459 plura
1268 3395 1493 3458 parare
1536 3375 1816 3457 labores,

267 3458 365 3523 Ac
408 3455 652 3541 potius,
694 3479 851 3542 puer
893 3463 965 3527 ut
1007 3459 1188 3526 festis
1234 3456 1733 3544 Quinquatribus
1778 3458 1932 3523 olim
1940 3506 1962 3544 ,

1790 3563 1850 3612 15
1863 3558 1889 3587 ⁸
