2514 3950
804 796 1892 897 CARMINVM

1068 994 1284 1050 LIBER
1315 992 1643 1049 TERTIVS.

1332 1176 1369 1248 I

619 1279 777 1376 Odi
816 1308 1155 1391 profanum
1197 1308 1426 1392 volgus
1470 1310 1537 1371 et
1578 1327 1782 1371 arceo.

616 1391 851 1457 Favete
925 1392 938 1404 ‘
1082 1392 1095 1404 ‘
1143 1416 1162 1475 ς
1208 1391 1491 1456 carmina
1530 1412 1666 1456 non
1708 1391 1884 1474 prius

710 1474 951 1540 Audita
1062 1497 1320 1540 usarum
1364 1475 1662 1540 sacerdos

809 1557 1184 1644 Virginibus
1227 1559 1568 1643 puerisque
1612 1563 1821 1624 canto.

160 1238 251 1317 αξξ
264 1253 326 1299 (1¹
341 1233 437 1271 ω’

406 1702 438 1758 5
619 1693 871 1778 Regum
911 1692 1341 1758 timendorum
1382 1695 1452 1758 in
1493 1693 1787 1777 proprios
1830 1713 2100 1777 greges,

760 1798 827 1841 es
870 1777 940 1841 in
981 1778 1157 1861 ipsos
1200 1778 1603 1861 imperiumst
1641 1776 1847 1862 Iovis,

766 1861 884 1925 lari
928 1861 1245 1947 Giganteo
1290 1861 1643 1945 triumth

816 1946 1063 2013 Cuncta
1106 1946 1444 2033 supercilio
1487 1946 1824 2011 moventis,

613 2083 736 2148 Est
775 2087 850 2146 ut
890 2083 1027 2146 viro
1071 2084 1169 2145 vir
1210 2083 1401 2146 latius
1447 2081 1699 2145 ordinet

410 2181 475 2228 ιο
620 2167 904 2230 Arbusta
948 2165 1138 2228 sulcis
1149 2213 1168 2247 ‚
1211 2165 1319 2229 hic
1363 2166 1734 2249 generosior

709 2246 1073 2311 Descendat
1112 2248 1182 2311 in
1225 2270 1520 2331 campum
1560 2250 1829 2334 petitor,

816 2330 1102 2395 Moribus
1144 2331 1250 2396 hic
1293 2332 1640 2416 meliorque
1689 2333 1860 2396 fama

620 2466 1011 2551 Contendat,
1062 2467 1156 2530 illi
1198 2469 1387 2532 turba
1431 2468 1758 2532 clientium

620 2549 718 2616 Sit
760 2550 989 2613 maior:
1035 2572 1235 2647 aequa
1275 2553 1418 2636 lege
1439 2551 1805 2616 Necessitas

410 2648 472 2696 15
713 2632 992 2699 Sortitur
1033 2634 1321 2719 insignes
1366 2637 1431 2698 et
1479 2636 1672 2720 imos3

819 2715 1024 2781 Omne
1067 2738 1263 2802 capax
1305 2721 1520 2782 movet
1558 2741 1719 2784 urna
1759 2739 2014 2783 nomen.

618 2853 977 2918 Destrictus
1021 2852 1190 2917 ensis
1235 2852 1338 2917 cui
1382 2873 1570 2949 super
1611 2854 1787 2938 inpia

621 2936 881 3003 Cervice
922 2937 1187 3022 pendet,
1231 2958 1368 3000 non
1410 2933 1657 3001 Slculae
1701 2938 1894 3021 dapes

709 3019 980 3085 Dulcem
1023 3020 1442 3085 elaborabunt
1482 3039 1773 3104 saporem
1783 3069 1803 3104 ‚
1825 3032 1869 3075 ²

407 3118 478 3167 20
821 3103 887 3170 N
890 3124 976 3167 on
1018 3104 1228 3168 avium
1274 3103 1675 3188 citharaeque
1720 3106 1943 3168 cantus

621 3240 931 3305 Somnum
972 3238 1293 3304 reducent.
1382 3237 1657 3306 Somnus
1701 3235 2051 3320 agrestium

617 3323 810 3389 Lenis
853 3324 1134 3389 virorum
1175 3345 1311 3389 non
1351 3323 1624 3389 humiles
1669 3319 1891 3384 domos

711 3407 986 3472 Fastidit
1026 3408 1514 3491 umbrosamque
1556 3406 1790 3492 ripam,

818 3490 971 3555 Non
1013 3491 1306 3575 zephyris
1350 3492 1590 3577 agitata
1630 3495 1862 3575 tempe.
