2514 3950
370 200 498 267 234
1089 205 1602 263 Ems‘rvmavn
2181 206 2313 281 [ΠΙ.

499 366 847 452 Adspirate
892 370 957 434 et
1000 368 1222 435 adesse
1267 369 1479 435 choris
1523 371 1657 434 erat
1698 369 1875 434 utilis
1918 371 2110 452 atque

369 464 471 515 205
500 452 808 519 Nondum
850 454 1058 538 spissa
1099 455 1293 519 nimis
1337 474 1459 520 con
1504 454 1636 518 lere
1677 453 1900 518 sedilia
1944 454 2127 539 flatu3

498 536 640 614 Quo
685 560 840 603 sane
881 539 1155 623 populus
1196 559 1464 603 numera
1507 538 1645 621 ilis,
1689 540 1912 621 utpote
1952 559 2221 622 parVuS,

494 621 587 687 Et
627 622 802 707 frugi
844 626 1177 707 castusque
1218 622 1734 706 verecundusque
1778 622 2010 688 coibat.

497 705 849 790 Postquam
891 707 1105 791 coepit
1131 727 1322 792 agros
1366 706 1702 771 extendere
1729 706 1962 789 victor,
2008 708 2074 771 et
2111 706 2313 773 urbes

498 789 718 854 Latior
760 790 1061 874 amplecti
1100 812 1351 875 murus,
1395 791 1673 875 vinoque
1717 789 1943 855 diurno

371 886 479 937 210
502 873 755 939 Placari
800 873 1040 940 Genius
1083 875 1267 940 festis
1309 875 1550 959 inpune
1593 874 1847 960 diebus3

499 958 795 1023 Accessit
833 959 1239 1057 numerisque
1282 958 1616 1044 modisque
1663 959 1923 1024 licentia
1962 958 2189 1025 maior.

499 1040 805 1108 Indoctus
848 1042 1002 1127 quid
1045 1064 1217 1108 emm
1262 1047 1515 1127 saperet
1555 1043 1684 1108 libe
1761 1065 1841 1109 ue
1884 1043 2179 1109 laborum

497 1125 800 1192 Rusticus
840 1127 1085 1193 urbano
1131 1128 1466 1212 confusus,
1508 1128 1716 1212 turpis
1805 1127 2072 1192 onesto?

500 1209 607 1277 Sic
648 1212 896 1296 priscae
937 1215 1308 1297 motumque
1351 1215 1418 1277 et
1457 1212 1771 1277 luxuriem
1813 1211 2054 1277 addidit
2096 1214 2228 1277 arfi

369 1307 473 1357 215
503 1295 770 1361 Tibicen
810 1297 1130 1380 traxitque
1170 1318 1374 1383 vagus
1415 1317 1532 1381 per
1572 1297 1825 1381 pulpita
1862 1299 2130 1383 vestem,

501 1378 607 1445 Sic
650 1381 845 1445 etiam
886 1381 1117 1446 fidibus
1160 1402 1351 1447 voces
1395 1402 1648 1446 crevere
1691 1382 1957 1466 severis,

498 1463 589 1528 Et
627 1465 780 1530 tulit
822 1466 1144 1550 eloquium
1188 1465 1520 1531 insolitum
1561 1465 1862 1531 facundia
1901 1486 2246 1551 praeceps,

498 1546 897 1647 Vtiliumque
940 1571 1138 1635 sagax
1179 1571 1393 1614 rerum
1436 1554 1501 1615 et
1542 1549 1758 1615 divina
1798 1549 1998 1615 futuri

502 1630 839 1717 Sortilegis
880 1654 1017 1697 non
1059 1633 1409 1718 discrepuit
1451 1635 1771 1699 sententia
1811 1633 2101 1719 Delphis.

371 1727 477 1778 220
507 1714 805 1781 Carmine
849 1716 960 1800 qui
1001 1717 1249 1802 tragico
1294 1719 1488 1783 vilem
1532 1720 1800 1783 certavit
1840 1719 1924 1784 ob
1964 1718 2252 1805 hircum,

499 1799 655 1864 Mox
698 1801 893 1865 etiam
936 1805 1220 1887 agrestes
1266 1801 1526 1887 Satyros
1568 1803 1835 1868 nudavit
1877 1806 1941 1868 et
1981 1824 2172 1888 asper

498 1883 817 1950 Incolumi
858 1887 1172 1972 gravitate
1215 1887 1428 1952 iocum
1470 1888 1812 1971 temptavit
1851 1908 1928 1952 eo
1971 1887 2139 1972 quod

498 1968 823 2053 Illecebris
868 1973 1006 2036 erat
1046 1974 1111 2036 et
1151 1974 1339 2058 grata
1378 1972 1664 2038 novitate
1706 1972 2050 2038 morandus

285 2052 834 2156 st'emwr
875 2055 1255 2140 functusque
1299 2057 1496 2122 sacris
1524 2060 1589 2121 et
1628 2060 1821 2142 potus
1864 2060 1932 2122 et
1971 2058 2173 2122 exlex.

168 2150 280 2178 ψ’
372 2152 474 2203 225
567 2160 746 2204 erum
788 2140 882 2204 ita
922 2141 1187 2224 risores,
1233 2140 1326 2205 ita
1369 2141 1811 2206 commendare
1855 2142 2101 2206 dicaces

499 2222 856 2289 Conveniet
898 2221 1160 2307 Satyros
1176 2273 1196 2308 ,
1238 2224 1334 2289 ita
1374 2229 1620 2291 vertere
1664 2226 1830 2290 seria
1871 2226 2021 2291 ludo
2034 2275 2053 2308 ,

498 2306 621 2391 Ne,
650 2308 1028 2392 quicumque
1057 2307 1232 2392 dene,
1262 2309 1643 2394 quicumque
1663 2309 2065 2375 adhibebitur
2090 2309 2317 2395 heros,

498 2390 728 2476 Regali
771 2395 1148 2476 conspectus
1190 2393 1263 2457 in
1306 2415 1459 2458 auro
1502 2415 1708 2478 nuper
1750 2397 1815 2459 et
1856 2397 2029 2459 ostro
2040 2443 2060 2478 ,

576 2475 589 2487 '
707 2478 740 2538 t
778 2476 848 2540 in
890 2476 1191 2542 obscuras
1233 2477 1462 2543 humili
1504 2498 1795 2544 sermone
1835 2479 2164 2562 tabernas,

371 2569 476 2619 230
502 2558 665 2642 Aut,
712 2559 863 2623 dum
904 2560 1067 2625 vitat
1106 2562 1403 2647 humum,
1454 2563 1656 2628 nubes
1701 2567 1767 2628 et
1807 2563 2023 2629 inania
2065 2566 2317 2648 captet.

502 2641 773 2708 Effutire
818 2643 989 2709 leves
1031 2645 1302 2731 indigna
1341 2647 1675 2733 tragoedia
1714 2669 1963 2732 versus,

501 2725 594 2792 Vt
633 2727 816 2793 festis
858 2731 1152 2794 matrona
1192 2731 1436 2796 moveri
1478 2732 1653 2796 iussa
1696 2731 1947 2817 diebuS,

499 2810 802 2878 Intererit
842 2811 1086 2898 Satyris
1128 2816 1415 2898 paullum
1455 2815 1829 2911 pudibunda
1866 2817 2203 2900 protervis.

498 2895 653 2962 Non
696 2918 817 2982 ego
860 2897 1158 2962 inornata
1200 2901 1266 2964 et
1307 2899 1704 2964 dominantia
1744 2902 2011 2966 nomina
2050 2901 2273 2967 solum

370 2989 473 3040 235
501 2979 870 3064 Verbaque,
914 2981 1212 3066 Pisones,
1257 2981 1632 3066 Satyrorum
1674 2986 1948 3069 scriptor
1990 2985 2257 3071 amabo,

498 3063 564 3128 N
566 3083 638 3128 ec
681 3064 773 3128 sic
816 3064 1024 3128 enitar
1064 3069 1167 3129 tra
1217 3066 1312 3130 ‘co
1358 3067 1609 3134 differre
1653 3070 1883 3154 colori,

499 3146 592 3211 Vt
631 3147 797 3212 nihil
838 3147 1119 3232 intersit,
1227 3172 1464 3217 avusne
1508 3153 1808 3237 loquatur
1849 3157 1914 3219 et
1956 3154 2167 3219 audax

499 3231 766 3315 Pythias
780 3283 797 3315 ‚
845 3236 1141 3297 emuncto
1185 3234 1432 3300 lucrata
1474 3235 1734 3302 Simone
1775 3238 2119 3322 talentum,

500 3316 609 3379 An
653 3319 868 3381 custos
910 3316 1312 3402 famulusque
1355 3320 1459 3385 dei
1500 3320 1753 3387 Silenus
1798 3322 2059 3387 alumni.

372 3409 475 3458 240
503 3397 605 3462 Ex
646 3403 804 3465 noto
849 3400 1069 3465 fictum
1112 3423 1370 3469 carmen
1413 3425 1671 3489 sequar,
1717 3412 1792 3470 ut
1833 3407 1958 3472 sibi
2043 3406 2215 3472 uivis

502 3480 730 3566 Speret
771 3483 973 3568 idem,
1018 3486 1202 3552 sudet
1242 3489 1518 3554 multum
1558 3491 1919 3575 frustraque
1961 3491 2027 3556 la
2070 3493 2218 3557 oret
