2514 3950
921 168 1495 251 PRQLEGOMENA.
2032 172 2157 229 mx

387 316 453 388 4,
506 317 585 375 19
633 320 815 378 musto
863 316 1042 379 Crato
1057 365 1072 394 ,
1120 319 1247 380 cdd.
1293 323 1485 388 misto,
1530 324 1719 382 mixto.

386 406 454 477 4,
505 405 590 464 80
635 409 914 466 creterrae
956 411 1117 467 recte
1162 408 1372 468 Bland.
1412 409 1720 485 antiquiss.

383 510 454 564 11,
505 492 571 568 5,
621 495 730 566 20,
780 497 859 554 21
921 498 1135 569 fortem
1178 498 1283 556 hoc
1337 501 1596 558 animum
1650 499 1892 560 tolerare
1941 501 2160 567 iubebo,

253 585 305 641 et
349 581 638 653 quondam
680 585 912 644 maiora
961 585 1082 644 tuli.
1174 585 1502 646 Verissime
1549 585 1729 647 Crato
1781 588 1911 647 tulit
1958 588 2035 647 ad
2086 588 2162 648 si-

252 669 649 729 militudinem
696 670 997 732 Homerici
1043 675 1321 750 exempli,
1383 675 1543 751 quod
1587 676 1683 734 hic
1726 677 1797 734 ut
1842 693 2018 751 saepe
2066 695 2161 735 ex-

251 777 528 834 pressum
565 762 659 818 est
694 760 770 818 ab
808 759 951 820 Hor.
993 757 1130 836 [Od.
1163 781 1264 839 xx,
1306 761 1414 838 18]
1459 758 1736 824 “τέτλαθι
1773 761 1870 839 δή,
1915 760 2164 838 κραδίη·

252 844 354 909 καὶ
408 843 714 921 κύντερον
762 842 924 909 ἄλλο
980 843 1123 908 ποτ’
1170 845 1409 924 ἔτλης’.
1501 852 1583 912 Et
1627 856 1880 928 apparet
1922 852 2170 913 finalem

251 937 601 1012 insequente
648 936 857 996 eadem
902 937 1108 997 littera
1152 957 1287 998 esse
1331 939 1626 1000 haustam.

388 1025 446 1101 5,
493 1026 595 1097 40,
643 1026 727 1082 41
776 1042 877 1083 seu
910 1028 1124 1098 pinyui
1166 1031 1354 1086 tentus
1398 1045 1593 1088 omaso
1628 1029 1855 1089 Furius
1895 1030 2167 1090 hibernas

256 1130 406 1173 cama
457 1114 588 1171 nive
647 1115 915 1186 conspuet
966 1109 1161 1186 Alpes.
1260 1113 1378 1173 Illa
1425 1134 1490 1188 p.
1546 1121 1583 1174 t.
1642 1134 1689 1174 o.
1740 1117 2036 1177 incertum
2089 1137 2167 1177 an

256 1219 327 1261 ex
369 1200 560 1275 ipsius
604 1198 776 1257 Furii
831 1191 1037 1279 (quem
1090 1200 1274 1276 vulgo
1320 1202 1480 1261 male
1522 1205 1742 1277 putant
1785 1200 2166 1283 Bibaculum)

255 1291 564 1363 assumpta
617 1288 1003 1365 carminibus,
1059 1306 1129 1347 eo
1185 1289 1384 1364 aptius
1436 1289 1797 1350 adhibentur
1847 1292 1927 1350 ad
1979 1293 2168 1351 homi-

251 1397 392 1438 nem
427 1375 722 1436 Gallicum
766 1376 1152 1453 irridendum,
1199 1377 1358 1452 quod
1395 1395 1656 1439 omasum
1691 1379 1999 1455 proprium
2037 1399 2168 1440 esse

253 1466 565 1527 Gallorum
590 1465 833 1542 linguae
861 1468 1163 1525 testantur
1188 1466 1427 1542 glossae
1438 1465 1713 1526 Vulcanii
1735 1464 1859 1544 [pg.
1881 1466 2167 1543 148,46].

392 1556 458 1630 5,
504 1555 588 1614 48
637 1573 762 1629 sqq.
815 1558 882 1613 ut
934 1559 986 1615 et
1036 1556 1296 1615 scribare
1345 1557 1629 1616 secundus
1672 1557 1833 1616 heres
1878 1561 1932 1617 et
1975 1589 2059 1600 --
2103 1560 2170 1617 in

253 1660 502 1703 vacuwm
536 1644 748 1702 venias.
797 1642 1125 1702 Verissime
1152 1642 1535 1704 Heindorfius
1573 1646 1662 1705 uti
1687 1647 1957 1707 scribare.
2008 1646 2168 1705 Illud

254 1737 308 1792 et
351 1732 426 1790 ab
472 1731 999 1806 interpolatoribus
1046 1732 1321 1790 additum
1355 1732 1454 1792 vel
1491 1751 1563 1791 ea
1597 1752 1663 1792 re
1701 1736 1968 1808 apparet,
2011 1734 2169 1809 quod

254 1822 428 1880 abest
473 1839 510 1878 a
552 1819 706 1878 libro
756 1818 1050 1897 GothanO,
1097 1823 1167 1879 ut
1211 1820 1394 1879 etiam
1441 1838 1477 1878 a
1517 1820 1834 1894 Blandinio
1877 1822 2168 1897 antiquis-

256 1908 406 1967 simo
452 1907 673 1967 afuisse
719 1907 895 1966 valde
943 1907 1022 1966 sit
1063 1909 1389 1985 probabile.
1475 1908 1702 1969 Notum
1741 1910 1944 1988 vulgo,
1990 1930 2169 1987 quam

259 2014 438 2071 saepe
497 2016 534 2055 a
590 1996 851 2055 librariis
916 2016 1026 2071 pro
1089 2000 1176 2057 uti
1234 1997 1632 2057 substitutum
1692 2000 1774 2059 sit
1830 2004 1909 2059 ut.
2007 2000 2166 2060 Male

256 2085 598 2161 Madvigius
643 2088 710 2144 ut
753 2087 806 2143 ei
848 2101 983 2159 scr.;
1043 2085 1115 2143 cf.
1162 2086 1219 2147 d.
1261 2105 1312 2146 r.
1358 2105 1434 2145 m.
1482 2089 1629 2145 271.

394 2173 459 2248 5,
512 2174 635 2232 103
691 2174 1016 2233 inlacrimat.
1091 2190 1120 2233 e
1161 2191 1226 2233 re
1271 2178 1378 2241 est,
1434 2173 1880 2251 Praedicovius,
1921 2175 2029 2248 M„
2082 2177 2168 2235 in-

255 2262 567 2322 lacrimare
613 2266 694 2321 est
735 2282 792 2322 v.

390 2368 454 2427 11,
495 2352 551 2424 6,
590 2352 694 2423 48,
732 2352 815 2409 49
855 2351 1019 2409 ludos
1053 2356 1408 2425 spectaverat
1439 2369 1580 2419 una,
1618 2353 1837 2412 luserat
1860 2354 1924 2411 in
1952 2369 2166 2426 campe.

254 2439 353 2499 Ita
388 2438 519 2497 cdd.
554 2439 733 2515 longe
777 2438 1040 2513 plurimi,
1088 2443 1150 2497 et
1192 2442 1371 2511 recte,
1418 2440 1591 2500 modo
1629 2440 1815 2499 addas
1853 2440 2166 2516 cogitando

253 2527 613 2605 particulam
658 2529 727 2587 si.

395 2618 453 2689 6,
493 2618 573 2675 59
612 2616 882 2688 perditur
914 2615 1054 2673 haec
1087 2617 1236 2675 inter
1271 2616 1478 2674 misero
1513 2616 1627 2675 luae.
1684 2616 1955 2690 Porqitur
1982 2615 2169 2675 Lach-

256 2722 538 2776 mannuS,
582 2705 824 2762 vertitur
868 2702 1168 2787 HalmiuS,
1214 2706 1490 2778 ‘meryitur
1532 2704 1898 2781 Madvigius,
1953 2699 2171 2778 deperit

255 2811 386 2852 nos
478 2791 759 2851 Ceterum
802 2810 922 2851 non
967 2792 1205 2851 omnino
1252 2793 1514 2851 alienum
1558 2811 1595 2850 a
1635 2792 1848 2851 Latino
1896 2811 2168 2852 sermone

256 2899 390 2941 esse
427 2880 578 2939 illud
612 2881 882 2953 perditur
909 2879 1267 2956 Hieronymi
1303 2882 1363 2939 et
1399 2880 1692 2958 Prosperi,
1738 2880 1842 2956 qui
1877 2880 2016 2939 huic
2051 2881 2169 2940 fuit

256 2968 552 3045 aequalis,
611 2969 893 3043 exemplis
948 2969 1220 3027 adductis
1272 2969 1677 3029 demonstravi
1721 2969 1914 3028 annal.
1960 2968 2169 3044 philol.

255 3076 310 3117 a.
354 3060 521 3117 1866
568 3076 624 3131 p.
665 3057 809 3115 864.

396 3148 453 3221 6,
484 3148 586 3220 63,
612 3146 698 3205 64
736 3162 769 3203 o
796 3146 1025 3217 quando
1056 3146 1201 3217 faba
1225 3145 1587 3220 Pythaycrae
1618 3150 1859 3221 eoymta
1889 3146 2170 3220 simulque

734 3237 910 3292 uncta
945 3235 1089 3293 satis
1110 3236 1324 3307 pinym·
1348 3238 1641 3308 ponentur
1674 3235 1933 3295 oluscula
1960 3234 2169 3294 lardo?

258 3319 691 3396 Suspectarunt
734 3321 886 3380 illud
931 3324 1075 3382 satis
1110 3322 1418 3382 Bentleius
1466 3326 1529 3382 et
1563 3323 1913 3398 Meinekius‚
1962 3340 1994 3380 e
2041 3321 2168 3397 qui-

256 3410 372 3469 bus
429 3410 605 3469 alteri
661 3412 832 3484 focis,
893 3410 1068 3470 alteri
1122 3411 1351 3485 placuit
1403 3412 1574 3484 fabis.
1665 3411 1792 3472 Nec
1834 3428 1978 3471 vero
2034 3428 2167 3470 con·
2269 3423 2272 3426 ’
