2514 3950
894 171 1396 227 PROLEGOMEN
1396 171 1459 226 A.
2012 173 2138 228 LIII

224 323 427 385 scandi
472 324 638 383 nullo
685 323 857 381 modo
903 323 1245 397 potuerunt.
1281 354 1354 362 —
1399 320 1516 381 Sed
1562 325 1634 381 ut
1677 322 1914 382 mittam
1958 325 2136 401 iocOS,

224 417 290 472 tu
344 430 480 472 mea
533 411 651 471 fide
704 410 1059 485 interposita
1105 410 1189 469 sic
1233 411 1482 484 habeto,
1535 428 1729 486 neque
1775 415 1883 471 aut
1926 412 2137 472 fecisse

223 501 522 561 Lucilium
567 517 777 559 versus
823 500 981 558 tales
1027 502 1135 557 aut
1177 498 1462 558 habuisse
1508 516 1608 558 eos
1653 518 1763 575 pro
1810 501 2135 560 Lucilianis

223 590 673 649 Lachmannum
725 605 916 662 neque
971 587 1221 664 librum,
1277 605 1454 662 quem
1498 587 1878 647 Lachmanno
1923 607 2140 663 parum

225 696 354 738 esse
418 677 665 753 dignum
738 675 976 752 publice
1045 674 1450 752 privatimque
1519 676 1825 750 professus
1902 681 1997 737 est
2057 678 2137 737 M.

223 765 542 841 Hauptius,
568 765 859 824 nitescere
879 782 1053 839 posse
1072 764 1354 824 laudibus
1374 764 1727 824 Mommseni
1746 766 1843 825 vel
1862 764 2139 827 Vahleni.

226 853 492 924 Quorum
533 853 865 926 temeritas,
912 853 1300 929 quantumvis
1347 852 1563 912 acerba
1598 853 1920 913 memoriae
1955 853 2140 913 Lach-

222 940 427 1002 manni
464 943 528 1001 et
564 941 639 1001 ob
676 941 741 1000 id
774 941 944 1001 nobis
981 942 1243 1017 ingrata,
1280 940 1502 1016 duplex
1536 944 1741 1001 tamen
1768 942 2140 1002 commodum

223 1031 451 1106 habuit,
493 1030 754 1105 primum
799 1028 957 1104 quod
991 1029 1114 1087 iam
1148 1030 1425 1089 omnibus
1463 1033 1731 1107 apparet,
1777 1049 1897 1089 non
1931 1030 2139 1090 durius

224 1137 433 1194 aequo,
470 1120 539 1176 ut
563 1116 837 1176 nonnulli
874 1116 1099 1191 opinati
1135 1120 1293 1191 sunt,
1331 1116 1436 1176 sed
1471 1118 1664 1176 lenius
1698 1123 1969 1194 arreptos
1998 1119 2141 1178 olim

223 1226 261 1266 a
305 1205 478 1265 nobis
526 1223 653 1278 eos,
706 1204 810 1279 qui
856 1204 929 1262 ad
976 1203 1124 1262 talia
1170 1203 1399 1263 edenda
1444 1204 1882 1278 descenderint,
1928 1204 2141 1265 deinde

224 1294 382 1371 quod
419 1293 661 1353 tandem
705 1291 896 1352 nubes
942 1291 1050 1351 illa
1095 1292 1512 1370 ludibriorum,
1558 1310 1709 1369 quae
1748 1312 1785 1352 a
1820 1293 2140 1370 philologis

221 1382 710 1443 Berolinensibus
757 1380 1114 1457 quibusdam
1155 1375 1404 1441 inducta
1445 1383 1579 1441 erat
1612 1381 1980 1440 Lachmanni
2017 1385 2142 1442 stu-

223 1472 338 1532 diis
367 1471 710 1546 Lucilianis,
744 1470 834 1529 ita
870 1470 1139 1529 discussa
1177 1471 1272 1530 est
1309 1473 1371 1529 et
1405 1470 1713 1546 dissipata,
1749 1473 1867 1529 non
1905 1472 1976 1529 ut
2009 1490 2141 1547 pos-

224 1561 307 1620 sit
340 1578 550 1619 rursus
588 1558 765 1618 coire.
838 1557 982 1629 Quis
1021 1559 1178 1618 enim
1218 1558 1340 1618 iam
1381 1559 1630 1635 negabit
1668 1559 2143 1619 emendationem

222 1648 614 1724 reliquiarum
641 1646 858 1707 Lucilii
896 1665 933 1706 a
968 1647 1348 1708 Lachmanno
1385 1666 1505 1706 non
1539 1648 1713 1707 modo
1751 1666 1871 1708 non
1907 1648 2141 1707 absolu-

222 1739 369 1811 tam,
416 1735 521 1796 sed
564 1755 641 1795 ne
684 1736 1027 1796 incohatam
1073 1736 1315 1812 quidem
1352 1735 1546 1796 serio?
1619 1736 1849 1812 Nempe
1895 1756 1971 1795 ne
2016 1756 2140 1796 me-

225 1825 440 1885 diocris
480 1822 718 1900 quidem
756 1824 1015 1898 criticus,
1058 1842 1135 1883 ne
1172 1824 1315 1882 dum
1351 1823 1790 1901 Lachmannus,
1835 1825 1913 1882 ad
1949 1844 2142 1884 emen-

224 1913 450 1972 dandas
505 1913 607 1972 via
661 1914 724 1971 et
766 1912 998 1971 ratione
1055 1911 1567 1987 disponendasque
1622 1912 1840 1971 Lucilii
1903 1917 2141 1973 saturas

224 2001 426 2076 potuit
461 1999 766 2072 accedere,
803 2002 1124 2074 antequam
1160 1999 1234 2058 de
1274 2000 1561 2074 fontibus,
1596 2001 1813 2075 quibus
1850 2020 2142 2078 propaga-

224 2092 328 2148 tae
375 2090 515 2147 sunt
558 2086 846 2163 reliquiae
891 2086 1060 2160 illae,
1107 2087 1169 2145 et
1214 2087 1288 2145 de
1333 2086 1627 2147 varietate
1674 2087 2006 2163 scripturae
2052 2108 2144 2148 co-

226 2176 426 2235 dicum
479 2183 616 2234 cum
678 2193 819 2234 cura
884 2174 1299 2250 quaesivisset.
1398 2175 1589 2251 Atqui
1646 2176 1787 2235 talis
1845 2177 2029 2235 studii
2079 2178 2164 2236 in.

222 2261 398 2338 libro,
437 2263 533 2323 cui
559 2263 905 2323 inscribitur
933 2262 996 2323 0.
1026 2263 1247 2324 Lucilii
1273 2268 1630 2324 satmarum.
1680 2264 1928 2326 Carolus
1953 2266 2142 2326 Lach-

222 2371 480 2413 mawnus
525 2354 859 2420 emendavit,
904 2370 1013 2412 nec
1057 2352 1196 2412 vola
1239 2370 1351 2411 nec
1395 2353 1722 2429 vestigium
1765 2357 2033 2429 apparet.

360 2462 426 2535 4,
478 2460 558 2517 25
617 2460 756 2533 eliye
808 2476 963 2517 unus
1020 2475 1053 2516 e
1098 2457 1432 2517 Blandiniis
1488 2478 1640 2518 curnx
1675 2459 1951 2535 plurimis
2007 2460 2141 2519 aliis

222 2549 422 2624 libris,
480 2550 634 2621 eripe
680 2549 806 2606 tres
851 2546 970 2623 Bl.;
1028 2549 1191 2605 recte
1235 2546 1307 2608 B.
1353 2549 1565 2622 arripe.
1647 2548 1815 2606 Idem
1860 2548 2012 2608 bene
2057 2549 2141 2607 in-

222 2638 444 2714 probat
487 2634 640 2694 illud
685 2635 843 2710 quod
887 2634 1008 2694 iam
1055 2635 1214 2710 apud
1259 2637 1578 2711 plerosque
1624 2636 1855 2712 optinet
1905 2654 2053 2696 erue.

360 2744 418 2815 4,
469 2743 551 2801 33
588 2746 824 2815 poetam
867 2740 937 2817 B,
971 2745 1177 2816 poetas
1222 2761 1278 2802 v.

360 2849 418 2919 4,
469 2849 569 2921 60,
621 2850 721 2906 61.
797 2845 1069 2906 Videnda
1113 2865 1266 2923 quae
1314 2847 1519 2907 notavi
1564 2847 1641 2905 ad
1688 2849 1797 2906 sat.
1843 2866 1882 2920 1,
1934 2849 1992 2924 2,
2040 2849 2140 2907 33.

360 2955 418 3025 4,
473 2954 599 3012 110
645 2952 843 3012 Baius
887 2952 1016 3014 cdd.
1063 2952 1276 3014 Bland.
1323 2970 1457 3011 cum
1510 2952 1736 3013 maiore
1789 2956 1963 3029 parte
2008 2954 2142 3013 reli-

224 3061 496 3119 quorum,
543 3040 768 3108 Rarus,
814 3040 1055 3100 Barrus
1101 3042 1229 3100 sim.
1278 3041 1399 3102 alii.

356 3167 398 3222 1,
448 3149 505 3223 5,
555 3148 636 3206 36
684 3147 947 3206 vatillum
992 3146 1139 3223 cdd„
1185 3147 1365 3222 idque
1408 3146 1530 3206 iam
1573 3151 1894 3223 receptum.

357 3255 396 3308 1,
445 3237 502 3311 5,
553 3236 632 3294 92
685 3235 931 3294 seclusit
976 3238 1137 3294 recte
1184 3235 1265 3311 B;
1314 3235 1385 3295 cf.
1431 3236 1567 3295 lect.
1605 3236 1750 3295 Hor.
1801 3238 1945 3296 705.

358 3342 404 3394 1,
472 3281 537 3396 6,
604 3324 684 3382 39
746 3324 960 3383 deicere
1022 3324 1091 3383 de
1152 3340 1310 3383 saxa.
1412 3323 1642 3382 Reduxi
1704 3324 2020 3385 lectionem
2083 3328 2143 3385 et

222 3368 662 3486 Porphyrionis
712 3412 1072 3471 scholiorum
1119 3415 1181 3471 et
1225 3412 1554 3471 multorum
1599 3429 1707 3472 nec
1743 3413 1938 3472 minus
1977 3431 2143 3489 prae-
