2514 3950
348 189 477 257 208
1077 189 1592 248 Ems'rvLARVM
2085 186 2292 261 [xvn.

477 356 845 422 Mordacem
889 353 1203 439 Cynicum
1246 355 1340 419 sic
1384 353 1706 435 eludebat,
1750 355 1823 416 ut
1865 351 2075 416 aiunt:

481 440 769 507 ‘Scurror
799 461 918 526 ego
960 441 1099 525 ipse
1128 439 1290 503 mihi
1363 438 1603 523 populo
1646 440 1749 501 tu:
1794 436 2028 501 rectius
2057 434 2182 500 hoc
2227 438 2294 501 et

269 527 280 536 '
379 539 448 590 20
479 525 885 611 Splendidius
914 526 1199 588 multost.
1261 488 1482 606 liquus
1511 526 1587 586 ut
1606 544 1710 586 me
1737 523 1970 605 portet,
2001 520 2132 584 alat
2157 541 2292 604 rex,

480 610 779 675 Officium
821 609 1020 693 faci03
1071 610 1145 671 tu
1187 608 1400 692 poscis
1443 607 1595 671 vilia
1636 627 1882 688 rerum,

475 695 691 760 Dante
733 694 971 774 minor,
1017 691 1306 775 quamvis
1348 691 1478 755 fers
1521 694 1586 755 te
1627 689 1866 754 nullius
1913 690 2260 774 egentem.'

481 778 707 843 Omnis
756 776 1151 859 Aristippum
1197 775 1409 839 decuit
1463 776 1640 840 color
1683 777 1747 839 et
1800 776 2004 838 status
2049 776 2116 837 et
2156 795 2295 858 res,

483 862 931 946 Temptantem
972 860 1218 924 maiora
1266 861 1427 946 fere,
1473 858 1915 943 praesentibus
1958 878 2253 941 aequum.

382 960 450 1010 25
481 946 750 1028 Contra,
796 965 985 1028 quem
1029 943 1269 1028 duplici
1310 964 1527 1028 panno
1569 943 1883 1027 patientia
1923 942 2126 1026 velat,

483 1030 800 1113 Mirabor,
845 1029 1015 1093 vitae
1057 1029 1164 1092 via
1208 1029 1267 1092 si
1311 1049 1616 1093 conversa
1659 1026 1927 1092 decebit.

478 1116 666 1179 Alter
706 1134 1096 1198 purpureum
1139 1133 1275 1177 non
1318 1112 1712 1210 exspectabit
1755 1111 2086 1194 amictum,

481 1198 806 1275 Quidlibet
847 1197 1107 1261 indutus
1152 1196 1563 1262 celeberrima
1603 1218 1718 1294 per
1759 1195 1904 1261 loca
1945 1195 2164 1278 vadet,

479 1283 954 1366 Personamque
995 1282 1159 1345 feret
1200 1302 1336 1345 non
1378 1281 1800 1346 inconcmnus
1842 1282 2210 1365 utramque3

385 1381 454 1432 30
482 1369 668 1432 Alter
709 1366 919 1430 Mileti
961 1368 1203 1430 textam
1246 1386 1403 1430 cane
1446 1365 1627 1449 peius
1673 1368 1738 1429 et
1778 1386 1986 1450 angue

482 1451 733 1518 Vitabit
776 1449 1176 1533 chlamydem
1190 1500 1208 1529 ,
1254 1449 1564 1513 morietur
1605 1449 1877 1534 frigore,
1923 1451 1978 1513 si
2019 1469 2156 1513 non

482 1535 829 1601 Rettuleris
872 1556 1178 1617 pannum.
1267 1534 1460 1598 Refer
1504 1536 1569 1597 et
1611 1533 1748 1598 sine
1791 1532 1965 1598 vivat
2005 1532 2302 1617 ineptus!

478 1619 608 1685 Res
651 1629 872 1703 gerere
918 1621 982 1681 et
1025 1621 1247 1701 captos
1292 1617 1626 1682 ostendere
1671 1617 1912 1683 civibus
1955 1617 2175 1681 hostes
2188 1666 2212 1702 ,

480 1703 770 1799 Attingit
813 1701 1045 1765 solium
1087 1702 1260 1766 lovis
1305 1705 1370 1766 et
1412 1702 1715 1767 caelestia
1755 1703 2059 1786 temptat:

382 1800 449 1850 35
476 1785 882 1869 Princlpibus
971 1786 1241 1851 lacuisse
1284 1786 1439 1851 viris
1481 1808 1617 1851 non
1658 1786 1887 1850 ultima
1927 1787 2066 1850 laus
2112 1788 2237 1850 est.

479 1871 634 1937 Non
677 1870 875 1935 cuivis
966 1870 1167 1935 omini
1211 1871 1534 1957 contingit
1576 1870 1751 1935 adire
1796 1869 2197 1936 Corinthum.

485 1954 664 2022 Sedit
707 1956 815 2040 qui
858 1955 1103 2039 timuit,
1147 1977 1231 2021 ne
1262 1968 1408 2021 'non
1453 1955 1845 2021 succederet:
1890 1957 2046 2021 esto,

482 2040 697 2117 Quid?
743 2040 853 2124 qui
896 2041 1189 2124 pervenit
1228 2040 1466 2105 fecitne
1508 2040 1819 2104 viriliter?
1883 2040 1945 2104 A
2016 2039 2085 2103 ui

479 2125 605 2191 Hic
634 2127 731 2189 est
760 2127 871 2188 aut
909 2146 1253 2208 nusquam,
1299 2124 1470 2208 quod
1513 2125 1894 2272 qula-erimus.
2036 2123 2089 2188 'c
2133 2145 2310 2190 onus

1619 2212 1792 2274 orret

380 2306 450 2356 40
477 2293 569 2360 Vt
609 2293 823 2376 parvis
861 2282 1097 2357 animis
1143 2295 1208 2357 et
1249 2314 1447 2376 parvo
1495 2313 1758 2377 corpore
1800 2255 2037 2392 inaius3

479 2375 606 2441 Hic
648 2377 850 2461 subit,
899 2380 963 2442 et
1004 2377 1263 2461 perfert.
1322 2378 1458 2441 Aut
1500 2378 1700 2442 virtus
1728 2399 1965 2443 nomen
2006 2381 2315 2459 manest,

481 2462 619 2525 Aut
660 2460 851 2524 decus
896 2464 961 2525 et
1001 2461 1278 2545 pretium
1320 2464 1492 2527 recte
1534 2462 1700 2546 petit
1743 2462 2072 2546 experiens
2115 2462 2249 2527 vir.

482 2543 717 2609 Coram
758 2565 911 2629 rege
955 2566 1071 2610 sua
1114 2545 1192 2610 de
1234 2548 1609 2644 paupertate
1649 2549 1934 2611 tacentes

478 2627 634 2692 Plus
676 2631 981 2712 poscente
1024 2630 1267 2694 ferent:
1314 2630 1537 2715 distat,
1583 2652 1880 2696 sumasne
1923 2630 2253 2715 pudenter

381 2726 449 2776 45
479 2713 588 2777 An
615 2712 855 2798 rapias3
904 2714 1079 2798 atqui
1122 2734 1334 2777 rerum
1379 2716 1570 2799 caput
1611 2714 1736 2781 hoc
1766 2718 1930 2799 erat,
1975 2715 2082 2779 hic
2124 2715 2316 2782 fons·

481 2797 808 2863 ‘Indotata
849 2797 1009 2862 mihi
1054 2819 1235 2863 soror
1279 2800 1403 2882 est,
1448 2800 1835 2884 paupercula
1875 2801 2114 2883 mater,

481 2881 570 2945 Et
611 2881 847 2946 fundus
890 2904 1011 2947 nec
1053 2882 1394 2947 vendibilis
1436 2905 1556 2947 nec
1597 2905 1857 2967 pascere
1899 2884 2146 2947 firmus'

484 2965 608 3040 Qui
652 2965 839 3048 dicit,
887 2968 1121 3030 clamat
1163 2968 1425 3032 ‘victum
1469 2967 1659 3033 date.’
1749 2968 2035 3034 Succinit
2076 2968 2258 3033 alter

479 3048 591 3112 ‘Et
631 3049 791 3112 mihi
834 3049 1088 3115 dividuo
1131 3051 1409 3116 findetur
1450 3074 1713 3118 munere
1756 3052 2042 3138 quadra?

381 3146 450 3195 60
478 3131 605 3197 Sed
646 3133 880 3196 tacitus
924 3135 1101 3217 pasci
1145 3135 1201 3198 si
1243 3140 1466 3219 posset
1509 3158 1770 3222 corvus,
1815 3137 2082 3202 haberet

477 3215 631 3281 Plus
676 3216 859 3314 dapis
877 3263 895 3299 ,
941 3220 1006 3281 et
1047 3219 1219 3283 rixae
1263 3221 1466 3285 multo
1511 3222 1722 3286 minus
1766 3221 2190 3306 invidiaeque.

478 3298 891 3365 Brundisium
917 3322 1127 3366 comes
1152 3305 1262 3366 aut
1284 3303 1657 3370 Surrentum
1684 3307 1908 3370 ductus
1934 3327 2328 3392 amoenum,

480 3383 604 3458 Qui
648 3386 932 3482 queritur
960 3386 1242 3452 salebras
1274 3391 1339 3452 et
1369 3389 1665 3453 acerbum
1707 3391 1915 3488 frigus
1944 3392 2010 3454 et
2035 3390 2329 3476 imbres,

477 3467 615 3532 Aut
656 3471 881 3534 cistam
926 3471 1251 3537 effractam
1296 3475 1360 3536 et
1414 3472 1723 3539 subducta
1763 3477 1998 3539 viatica
2048 3476 2326 3562 plorat,
