2514 3950
246 163 388 239 lm]

1033 164 1249 219 LIBER.
1291 164 1389 221 111.

499 327 617 393 Vis
662 325 889 392 consili
933 347 1155 411 expers
1198 326 1369 390 mole
1410 328 1541 390 ruit
1583 348 1723 392 sua:

499 410 653 476 Vim
696 414 1114 509 temperatam
1159 410 1223 474 di
1269 431 1519 494 quoque
1567 411 1929 494 provehunt

584 495 664 560 In
706 517 940 581 mams3
976 495 1160 559 'idem
1204 495 1395 559 odere
1437 494 1604 559 vires

696 579 900 645 Omne
942 581 1122 644 nefas
1167 580 1381 644 animo
1426 583 1771 646 moventes.

527 698 735 763 Testis
779 720 1064 763 mearum
1110 698 1506 762 centimanus
1553 696 1724 780 Gyas

547 783 973 847 ententiarum
985 832 1004 866 ,
1053 786 1244 846 notus
1291 784 1357 845 et
1396 781 1685 866 integrae

585 866 742 932 Tem
787 869 960 931 tator
1006 865 1208 931 Orion
1250 864 1533 949 Dianae,

756 951 1005 1034 uginea
1048 951 1327 1014 domitus
1373 949 1652 1037 sagitta]

500 1066 745 1130 Iniecta
785 1066 1089 1130 monstris
1133 1065 1332 1129 Terra
1376 1066 1550 1129 dolet
1592 1067 1721 1130 suis

502 1149 872 1233 Maeretque
961 1151 1136 1213 artus
1179 1148 1446 1212 fulmine
1489 1149 1765 1213 luridum

588 1231 824 1297 Missos
994 1231 1256 1317 Orcum3
1302 1253 1423 1297 nec
1464 1232 1712 1316 peredit

696 1316 1052 1401 Inpositam
1096 1317 1265 1381 celer
1306 1317 1478 1402 ignis
1520 1316 1830 1401 Aetnam,

501 1434 972 1499 Incontinentis
1014 1456 1134 1499 nec
1176 1434 1347 1518 Tityi
1393 1434 1566 1499 iecur

500 1518 786 1603 Reliquit
827 1519 989 1603 ales,
1033 1519 1355 1604 nequitiae
1398 1519 1649 1583 additus

588 1601 849 1688 Custos3
897 1607 1245 1668 amatorem
1287 1606 1608 1668 trecentae

696 1686 1055 1753 Pirithoum
1101 1688 1403 1753 cohibent
1448 1691 1727 1753 catenae.

1164 1942 1251 2016 V.

505 2073 698 2140 Caelo
742 2075 1076 2137 tonantem
1121 2073 1500 2138 credidimus
1542 2074 1762 2139 Iovem

502 2156 825 2307 Regnare3
870 2179 1171 2242 praesens
1215 2157 1397 2222 divus
1440 2157 1780 2223 habebitur

646 2263 690 2306 u
810 2243 915 2306 tus
967 2242 1229 2307 adiectis
1273 2241 1604 2306 Britannis

796 2328 974 2411 perio
1018 2327 1443 2413 gravibusque
1485 2326 1717 2391 Persis.

499 2443 771 2509 Milesne
816 2443 1033 2510 Crassi
1077 2437 1350 2529 coniuge
1393 2444 1663 2509 barbara

502 2525 732 2611 Turpis
774 2529 1039 2592 maritus
1080 2528 1243 2592 vixit
1271 2530 1337 2592 et
1376 2527 1688 2613 hostium,

584 2611 711 2676 Pro
761 2612 934 2676 curia
976 2612 1336 2696 inversique
1379 2616 1617 2678 mores!

697 2693 1050 2760 Consenuit
1093 2718 1456 2761 socerorum
1499 2698 1570 2760 in
1613 2698 1804 2761 armis

503 2811 633 2877 Sub
675 2834 827 2898 rege
870 2812 1060 2878 Medo
1104 2813 1358 2878 Marsus
1402 2817 1468 2878 et
1508 2812 1789 2897 Apulus,

499 2897 900 2961 Anciliorum
943 2901 1009 2961 et
1047 2898 1329 2962 nominis
1375 2899 1440 2961 et
1479 2900 1672 2981 togae

587 2980 839 3046 Oblitus
885 2983 1305 3065 aeternaeque
1349 2979 1583 3045 Vestae

694 3065 1014 3130 Incolumi
1056 3064 1209 3129 Iove
1254 3068 1319 3129 et
1359 3065 1517 3130 urbe
1558 3030 1809 3130 Itoma?

499 3181 642 3247 Hoc
690 3185 942 3248 caverat
984 3203 1165 3247 mens
1208 3182 1477 3267 provida
1518 3183 1752 3268 Reguli

500 3264 959 3332 Dissentientis
1005 3267 1488 3332 condicionibus

584 3350 815 3416 Foedis
861 3355 926 3416 et
967 3352 1256 3437 exemplo
1300 3351 1580 3416 trahenti

694 3435 1049 3502 Perniciem
1092 3437 1355 3503 veniens
1397 3438 1469 3500 in
1512 3439 1765 3520 aem,

2096 158 2175 224 57

2115 339 2180 389 65

2116 793 2181 842 70

2117 1247 2181 1296 75

2115 1700 2183 1750 80

2118 2912 2184 2961 10

2118 3364 2181 3413 15
