2514 3950
391 176 515 243 180
1133 179 1560 237 sAmzAavu
2180 182 2328 256 [vn.

389 358 456 407 85
523 342 795 408 Audit‘P’
843 346 992 409 cum'
1030 363 1267 428 magno
1312 342 1590 408 blateras
1636 343 1913 407 clamore
1957 343 2282 429 fugisque.

515 428 792 493 Mulvius
836 431 902 494 et
944 449 1226 512 scurrae,
1270 427 1391 492 tibi
1431 448 1566 492 non
1607 426 1938 492 referenda
1980 429 2255 513 precati,

514 511 887 578 Discedunt.
976 511 1260 577 ‘Etenim
1303 512 1512 577 fateor
1551 519 1678 577 me'
1724 511 1958 577 dixerit
1991 512 2133 594 ille,

516 595 706 662 ‘Duci
747 600 968 662 ventre
1011 597 1248 680 levem,
1292 616 1520 661 nasum
1561 595 1785 662 nidore
1829 596 2093 681 supinor
2104 645 2123 679 ‚

514 681 911 763 Imbecillus,
954 681 1156 762 iners,
1201 680 1411 764 siquid
1452 680 1582 764 vis,
1626 679 1816 764 adde,
1861 680 2122 765 popin0.

389 779 457 828 40
513 765 609 829 Tu
651 786 797 830 cum
841 764 930 830 sis
972 764 1142 848 quod
1183 785 1304 863 ego
1355 772 1419 828 et
1465 764 1756 829 fortassis
1798 764 2094 849 nequior,
2150 764 2327 830 ultro

517 850 837 914 Insectere
877 848 1054 913 velut
1093 849 1322 914 mehor
1332 897 1353 932 ,
1395 848 1750 932 verbisque*
1771 847 2017 913 decoris

519 933 835 999 Obvolvas
878 932 1174 997 vitium?'
1250 932 1447 1017 Quid,
1493 933 1548 998 si
1590 953 1694 998 me
1736 932 1991 999 stultior
2031 932 2173 1017 ipso

519 1016 901 1103 Quingentis
946 1020 1162 1102 empto
1207 1015 1525 1082 drachmis
1572 1016 2022 1102 deprenderis?
2120 1016 2331 1082 Aufer

517 1101 625 1166 Me
667 1101 846 1167 vultu
888 1103 1154 1188 terrere;
1201 1122 1462 1167 manum
1507 1100 2027 1185 stomachumque
2069 1103 2295 1166 teneto
2308 1151 2330 1187 ,

390 1198 457 1248 45
522 1185 695 1251 Dum
704 1235 724 1271 ,
770 1207 931 1285 quae
975 1185 1257 1271 Crispini
1302 1185 1518 1251 docuit
1558 1206 1661 1249 me
1705 1185 1968 1269 ianitor,
2013 1184 2149 1250 edo,

520 1270 610 1335 Te
653 1291 886 1336 comux
928 1271 1135 1335 aliena
1178 1269 1377 1354 capit,
1422 1269 1825 1334 meretricula
1865 1267 2149 1334 Davum:

518 1355 751 1420 Peccat
778 1357 921 1420 uter
959 1357 1253 1420 nostrum
1282 1374 1467 1419 cruce
1497 1353 1801 1440 dignius?
1862 1352 2049 1418 Acris
2079 1352 2193 1418 ubi
2223 1376 2332 1419 me

517 1438 769 1506 Natura
809 1438 1115 1523 intendit,
1160 1438 1280 1505 sub
1325 1438 1497 1503 clara
1537 1438 1709 1503 nuda
1751 1438 2010 1503 lucerna

521 1522 966 1606 Quaecumque
1009 1522 1260 1606 excepit
1301 1519 1619 1608 turgentis
1661 1523 1924 1588 verbera
1966 1521 2206 1587 caudae

391 1619 461 1670 ⁶0
525 1605 834 1673 Olunibus
878 1608 988 1671 aut
1030 1606 1303 1692 agitavit
1343 1627 1574 1690 equum
1617 1606 1855 1671 lasciva
1897 1605 2230 1690 supinum,

519 1689 808 1755 Dimittit
847 1711 931 1756 ne
974 1711 1054 1755 ue
1096 1691 1415 1757 famosum
1456 1712 1663 1777 neque
1706 1690 2082 1774 sollicitum,
2127 1710 2217 1755 ne

518 1773 733 1841 Ditior
775 1777 888 1842 aut
959 1796 1172 1840 ormae
1213 1775 1496 1841 melioris
1538 1776 1734 1841 meiat
1775 1774 2016 1840 eodem.

519 1857 619 1924 Tu
662 1879 807 1925 cum
849 1860 1151 1945 proiectis
1193 1860 1587 1946 insignibus,
1633 1859 1824 1924 anulo
1867 1879 1902 1923 e
1945 1858 2144 1922 uestri

518 1943 937 2030 Romanoque
979 1943 1236 2030 habitu,
1280 1943 1498 2030 prodis
1543 1965 1619 2010 ex
1661 1942 1868 2011 iudice
1976 1963 2120 2008 ama

391 2042 458 2092 55
523 2028 784 2115 Turpis,
830 2030 1163 2095 odoratum
1207 2032 1400 2114 caput
1440 2029 1818 2096 obscurante
1858 2029 2145 2093 lacernat

516 2114 670 2180 Non
714 2136 782 2179 es
827 2113 997 2196 quod
1040 2112 1347 2178 simulas?
1391 2113 1685 2180 Metuens
1727 2111 2045 2178 induceris
2091 2115 2300 2198 atque

517 2197 890 2262 Altercante
935 2196 1308 2262 libidinibus
1349 2199 1572 2263 tremis
1617 2218 1763 2264 ossa
1804 2217 2055 2283 pavore.

520 2280 687 2357 Quid
728 2282 954 2365 refert,
1001 2282 1102 2346 uri
1143 2282 1344 2368 virgis
1387 2282 1682 2368 ferroque
1723 2282 1937 2348 necari

517 2366 906 2432 Auctoratus
953 2387 1089 2451 eas,
1140 2387 1225 2431 an
1266 2366 1441 2452 turpi
1485 2368 1737 2432 clausus
1780 2366 1851 2432 in
1894 2387 2069 2449 arca,

391 2461 460 2513 60
521 2448 660 2525 Quo
704 2452 770 2513 te
814 2449 1070 2516 demisit
1159 2451 1358 2517 eccati
1401 2453 1663 2517 conscia
1706 2450 1876 2516 erilis
2432 2457 2434 2494 }

520 2532 934 2599 Oontractum
977 2556 1129 2619 gem
1172 2556 1248 2601 us
1291 2538 1524 2621 tangas
1555 2534 1788 2620 caput?
1847 2499 2050 2599 Fistne
2091 2535 2347 2601 marito
2430 2507 2432 2562 Α

517 2617 851 2683 Matronae
893 2620 1218 2703 peccantis
1263 2619 1333 2683 in
1376 2620 1564 2684 ambo
1607 2620 1777 2684 iusta
1825 2618 2159 2702 potestas}>

516 2701 597 2766 In
640 2705 1077 2788 corruptorem
1117 2703 1220 2769 vel
1264 2703 1512 2770 iustior.
1584 2702 1708 2767 Illa
1748 2706 1968 2767 tamen
2010 2724 2079 2768 se

516 2786 669 2853 Non
710 2786 936 2853 habitu
978 2790 1263 2853 mutatve
1305 2788 1448 2854 loco
1491 2790 1790 2873 peccatve
1831 2790 1875 2870 †
1897 2807 2208 2887 superne,

389 2883 456 2933 05
522 2869 686 2937 Cum
728 2874 793 2938 te
835 2872 1137 2938 formidet
1179 2871 1407 2938 mulier
1447 2894 1655 2958 neque
1698 2872 1915 2938 credat
1956 2875 2231 2937 amantl.

516 2954 650 3019 Ibis
696 2956 812 3020 sub
855 2956 1103 3021 furcam
1146 2954 1458 3040 prudens,
1506 2957 1890 3042 dominoque
1932 2956 2179 3021 furenti

517 3037 875 3104 Conmittes
924 3062 1061 3105 rem
1106 3061 1360 3106 omnem
1406 3044 1472 3106 et
1522 3042 1719 3190 vitiam
1764 3043 1830 3106 et
1872 3062 2016 3107 cum
2061 3061 2356 3126 corpore

1640 3147 1871 3191 amam.

518 3206 770 3272 Evasti:
814 3208 1001 3273 credo
1014 3258 1033 3293 ,
1077 3212 1322 3275 metues
1367 3210 1715 3294 doctusque
1759 3209 2040 3295 cavebis3

518 3290 822 3376 Quaeres,
869 3292 1122 3375 quando
1168 3293 1399 3358 iterum
1441 3315 1674 3379 paveas
1718 3294 2074 3377 iterumque
2121 3297 2358 3392 perire

391 3385 460 3435 ἰο
522 3372 769 3457 Possis,
814 3395 852 3439 o
895 3377 1135 3439 totiens
1179 3379 1425 3442 servus!
1491 3377 1665 3453 Quae
1707 3377 1923 3461 belua,
1968 3379 2185 3474 ruptls

520 3454 682 3522 Cum
725 3458 920 3523 semel
964 3458 1218 3543 effugit,
1263 3459 1473 3525 reddit
1515 3482 1584 3526 se
1626 3482 1823 3546 prava
1867 3465 2111 3528 catenls
2124 3462 2163 3528 ⁸?
