2514 3950
807 186 1385 268 'PRoLEGoMENA.
1933 246 1936 253 -
2026 211 2100 266 121

320 364 430 424 His
478 362 765 439 expositis
810 364 932 423 iam
978 363 1311 439 apparebit,
1359 362 1502 438 quid
1546 362 1610 421 in
1653 363 1854 443 zerbis
1900 361 2046 423 illis

608 476 1608 619 ωθωΡεέῖξὲΐέῗρῗὲέἓὲζῗέῗιὲἓξξῗ
1624 548 1856 618 refregit

195 685 231 724 a
273 666 607 724 saturarum
660 680 932 723 sermone
984 665 1156 724 tanto
1213 681 1393 739 opere
1450 663 1713 723 alienum
1766 664 1963 722 visum
2022 663 2104 722 sit

193 754 457 814 Horatio,
529 752 830 811 Nimirum
875 754 1116 827 praeter
1159 752 1310 811 illud
1344 757 1541 827 postes
1570 757 1901 826 portasque,
1949 770 2101 827 quae

195 842 557 902 abundantia
612 841 900 901 sermonis
960 841 1126 917 epico
1181 841 1431 900 carmini
1483 841 1580 901 vel
1631 841 1862 917 tragico
1908 841 2101 916 magis

195 934 334 1006 apta
380 934 539 990 esset
583 948 765 1006 quam
811 929 1080 1002 satiricO,
1125 929 1383 990 maxime
1426 930 1662 989 notavit
1706 934 1907 989 taetra.

324 1039 381 1112 2,
421 1037 503 1095 38
540 1035 793 1094 moechos
829 1033 908 1110 B;
943 1035 1186 1094 moechis
1221 1035 1344 1109 alii,
1380 1037 1623 1096 moechis
1657 1051 1781 1094 rem
1820 1033 2101 1110 ClericuS,

195 1123 539 1182 MeinekiuS.

328 1231 395 1303 2,
441 1230 531 1288 44
581 1228 731 1287 hwnc
773 1230 1214 1302 perminxemnt
1254 1227 1501 1289 calones.
1588 1226 1757 1286 Inter
1802 1223 1967 1290 ἅπαξ
2018 1224 2102 1289 εἰ·

195 1315 432 1393 ρημένα
477 1317 765 1376 rettulere
807 1316 962 1374 illud
994 1317 1317 1390 permmo.
1409 1313 1526 1374 Sed
1571 1319 1896 1391 sumpsisse
1940 1317 2108 1378 vide-
2190 1308 2195 1317 ’

194 1411 292 1466 tur
328 1406 472 1466 Hor.
529 1422 602 1464 ex
645 1404 997 1482 LucilianiS,
1057 1422 1210 1480 quae
1266 1403 1442 1462 affert
1485 1403 1820 1481 Porphyrio
1867 1406 1943 1465 ad
1992 1410 2110 1466 sat.

194 1515 242 1572 1,
288 1497 354 1572 6,
403 1497 505 1554 22.
597 1492 768 1564 Quod
820 1493 1044 1553 ibidem
1098 1492 1327 1570 legitur
1376 1493 1761 1568 proverbium
1815 1512 1933 1554 non
1978 1513 2114 1556 eon·

195 1585 364 1650 lineri
396 1585 557 1643 mira
579 1583 917 1656 pelliculam
951 1600 1140 1649 swam,
1177 1583 1444 1657 apparet,
1493 1582 1545 1640 si
1580 1601 1652 1641 ex
1689 1582 1932 1658 obliqua
1976 1601 2105 1643 ora-

194 1673 356 1732 tione
391 1671 792 1731 transferatur
826 1671 891 1731 in
917 1671 1222 1747 directam,
1250 1670 1488 1746 explere
1523 1671 1864 1730 trimetrum
1899 1663 2105 1732 iambi-

196 1780 328 1821 cum
364 1760 571 1821 comici
604 1760 803 1820 nescio
852 1761 1020 1820 cujus
1065 1776 1183 1819 non
1226 1761 1544 1819 continetur
1577 1761 1738 1820 intra
1770 1762 2112 1834 pelliculam

122 1906 135 1913 ,
194 1867 379 1916 suam,
426 1848 553 1909 sive
597 1848 792 1925 magis
835 1850 1033 1923 placet
1077 1865 1194 1907 non
1238 1850 1483 1906 eontinet
1525 1864 1659 1908 sese.

330 1958 396 2027 2,
452 1955 556 2028 45,
602 1955 684 2013 46
743 1954 976 2013 cuidam
1022 1982 1101 1993 -—
1152 1953 1488 2011 demeterent
1542 1954 1697 2026 ferro
1751 1953 1827 2027 B,
1870 1957 2110 2027 quidam*

198 2044 493 2103 demeteret
544 2043 702 2114 ferro
755 2039 884 2099 cdd.
939 2039 1233 2115 plerique,
1290 2040 1586 2098 demeteret
1636 2041 1861 2113 ferrum
1904 2044 2115 2121 vulgo,

196 2130 392 2190 minus
438 2129 607 2202 bene,
652 2129 723 2186 ut
763 2127 868 2187 ille
919 2127 1367 2188 demonstravit.

333 2220 391 2291 2,
438 2218 522 2277 64
562 2233 769 2291 ymera
812 2216 1165 2293 Meinekius,
1203 2233 1379 2291 ρεπεν
1421 2234 1477 2276 v.

332 2308 389 2383 2,
423 2307 549 2366 100
568 2306 943 2380 plurimaque
968 2323 1076 2365 nos
1103 2305 1240 2366 lect.
1260 2304 1404 2365 Hor.
1428 2307 1573 2379 Ι704,
1592 2306 1857 2379 plurima
1885 2324 2032 2381 qaae
2050 2329 2112 2370 v.

327 2414 369 2471 1,
409 2396 466 2467 3,
507 2395 588 2453 25
627 2412 768 2455 vere
805 2393 1116 2469 scripsisse
1153 2394 1425 2454 existimo
1462 2392 1803 2454 Bentleium
1840 2413 1969 2456 cum
2004 2402 2106 2457 tica

195 2490 260 2545 tu
312 2483 511 2544 videas
565 2484 743 2542 oculis
795 2484 948 2542 male
994 2483 1186 2556 lippus
1237 2484 1488 2542 inunctis
1496 2502 1521 2553 ‚·
1574 2501 1707 2542 cum
1752 2484 2105 2560 praesertim

193 2574 258 2633 in
305 2570 662 2647 quibusdam
697 2570 887 2644 libris,
933 2571 1116 2629 etiam
1154 2568 1418 2648 Oruquii,
1466 2570 1547 2630 sit
1580 2573 1749 2640 male,
1794 2593 1987 2649 neque
2026 2574 2107 2634 sit

192 2658 591 2736 improbabile
636 2658 779 2718 olim
823 2658 1010 2717 fuisse
1056 2659 1344 2734 scriptum
1388 2677 1480 2734 ap.
1525 2658 1672 2721 Hor.
1716 2663 1938 2729 videas,
1994 2682 2104 2737 pro

195 2766 315 2827 quo
359 2765 516 2807 nune
549 2747 614 2805 in
647 2747 950 2823 plerisque
984 2747 1211 2824 legitur
1255 2746 1383 2807 cdd.
1409 2750 1738 2821 pervideas,
1784 2749 1849 2807 in
1882 2752 2104 2824 paucis,

194 2835 358 2915 quod
403 2836 610 2911 utique
654 2836 773 2894 erit
814 2836 1013 2911 potius
1055 2838 1413 2910 praevideas,

332 2927 400 2999 3,
458 2926 538 2984 63
603 2942 743 2984 vere
809 2926 880 2982 ut
939 2926 1086 3002 puto
1150 2924 1572 2985 Praedicovius
1640 2927 1702 2983 et
1762 2924 2106 3000 HorkeliuS,
2225 2939 2228 2944 ’

192 3014 298 3091 qui
355 3014 706 3089 plerumque
758 3013 955 3072 minus
1010 3012 1267 3073 feliciter
1308 3013 1371 3071 in
1416 3011 1655 3073 Horatii
1697 3013 1869 3074 libris
1916 3032 2106 3075 emen·

193 3101 409 3162 dandis
456 3108 598 3162 sunt
640 3100 880 3175 versati,
927 3102 1172 3161 licenter.

333 3193 400 3263 3,
458 3192 536 3250 71
604 3190 918 3249 verissime
981 3188 1342 3266 Doeringius
1407 3207 1640 3261 amare,·
1702 3190 1831 3250 cdd.
1897 3195 2105 3253 amari.

192 3275 493 3337 Punctum
536 3278 742 3353 utique
785 3277 1124 3353 ponendum
1167 3282 1309 3354 post
1351 3278 1503 3337 illud
1540 3279 1790 3340 inclinet.

335 3367 404 3439 3,
450 3367 532 3426 85
589 3366 982 3427 secludendus
1037 3385 1142 3426 cur
1196 3367 1368 3427 nobis
1423 3366 1726 3441 videatur,
1782 3369 1917 3429 lect.
1961 3368 2105 3428 Hor.

192 3455 347 3529 704,
401 3454 440 3512 5
489 3455 749 3529 exposui.
