2514 3950
213 138 315 211 v1.]
1000 139 1216 193 LIBER
1259 139 1302 195 1.
2086 132 2124 198 '2

235 300 380 376 Quis
423 300 698 365 Martem
738 300 957 365 tunica
997 304 1239 365 tectum
1283 300 1689 365 adamantina

130 427 134 430 <
263 385 409 481 igne
455 385 806 468 scripserit,
852 388 962 449 aut
1003 385 1263 469 pulvere
1308 384 1536 449 Troico
2096 482 2117 498 ν

167 521 175 529 .
207 468 287 535 Νι
380 434 882 636 didelzdeg’lzxgiixss,
902 472 1187 639 1)ἛὲΙὲ
1169 490 1203 533 e
1246 468 1525 534 Palladis
2061 483 2122 530 10

205 670 334 736 Nos
365 671 686 768 convivia,
731 693 851 735 nos
894 672 1137 755 proelia
1178 671 1501 768 virginum

209 753 401 819 Sectis
446 755 516 819 in
558 720 818 820 iuvenes
861 756 1181 853 unguibus
1227 756 1467 819 acrium

206 837 575 923 CantamuS,
618 839 830 923 vacui,
877 840 1007 905 sive
1053 840 1206 923 quid
1246 840 1520 925 urimur,

282 923 433 989 Non
473 926 726 1007 praeter
770 924 1028 988 solitum
1070 925 1262 990 leves,
2056 937 2124 986 20

1079 1178 1235 1252 VII.

200 1308 581 1374 Laudabunt
623 1309 733 1373 alii
778 1310 1014 1373 claram
1056 1309 1361 1392 Rhodon,
1407 1312 1518 1374 aut
1559 1310 1942 1395 Mytilenen,

281 1394 416 1458 Aut
456 1392 796 1477 Epheson,
842 1394 1178 1458 bimarisve
1224 1359 1519 1459 Corinthi

198 1478 484 1561 Moenia,
516 1416 632 1542 Iirel
660 1443 914 1543 Baccho
946 1478 1197 1543 Thebas
1241 1479 1343 1542 vel
1375 1479 1679 1563 Apolline
1707 1478 1996 1563 Delphos

281 1527 610 1647 Insignes,
657 1566 765 1627 aut
807 1562 1114 1627 Thessala
1155 1562 1414 1647 Tempe.

198 1679 361 1746 Sunt
382 1681 610 1764 quibus
630 1703 828 1745 unum
851 1702 1011 1766 opus
1030 1684 1144 1765 est,
1174 1682 1454 1746 intactae
1475 1681 1754 1745 Palladis
1774 1682 1996 1746 urbem
2088 1693 2121 1744 5

283 1763 582 1830 Carmine
624 1769 931 1849 perpetuo
978 1767 1296 1831 celebrare
1341 1769 1406 1830 et

196 1849 491 1933 Vndique
537 1848 901 1933 decerptam
942 1851 1143 1914 fionti
1185 1870 1577 1933 praeponere
1623 1849 1872 1913 olivam.

282 1932 604 1998 Plurimus
647 1934 717 1998 in
759 1933 1024 1998 Iunonis
1066 1933 1312 1997 honore

194 2052 443 2135 Aptum
488 2051 656 2114 dicet
697 2051 874 2134 equis
916 2051 1131 2135 Argos
1176 2049 1462 2132 ditesque
1505 2050 1827 2132 Mycenas.

283 2134 390 2198 Me
431 2156 551 2199 nec
591 2137 726 2198 tam
768 2134 1019 2218 patiens
1062 2133 1500 2198 Lacedaemon
2060 2148 2126 2198 1ο
2235 2177 2241 2196 .

193 2219 336 2287 Nec
379 2222 513 2282 tam
555 2217 811 2283 Larisae
853 2219 1168 2303 percussit
1210 2240 1471 2302 campus
1517 2218 1798 2302 opimae,

285 2303 491 2379 Quam
537 2304 760 2367 domus
803 2304 1134 2374 Albuneae
1179 2303 1540 2368 resonantis

192 2422 286 2487 Et
371 2444 629 2506 raeceps
672 2423 844 2486 Anio
890 2443 964 2485 ac
1005 2421 1275 2518 Tiburni
1315 2421 1495 2485 lucus
1541 2424 1605 2485 et
1646 2421 1772 2486 uda

354 2507 630 2571 obilibus
673 2506 962 2589 pomaria
1001 2506 1980 2570 rivis..

191 2591 402 2655 Albus
447 2593 520 2654 ut
562 2590 830 2655 obscuro
877 2590 1165 2675 deterget
1204 2590 1430 2654 nubila
1473 2590 1649 2654 caelo
2058 2602 2122 2652 15

285 2674 486 2758 Saepe
529 2673 772 2758 Notus,
817 2696 936 2738 nec
979 2675 1253 2758 parturit
1297 2675 1532 2739 imbres

191 2793 286 2857 Pe
368 2795 544 2877 etu03
592 2793 684 2857 sic
726 2794 799 2856 tu
841 2793 1094 2877 sapiens
1136 2793 1322 2857 finire
1364 2794 1712 2856 memento

375 2878 636 2941 stitiam
679 2876 970 2960 vitaeque
1012 2877 1263 2941 labores

188 2961 410 3045 Molli,
455 2961 720 3044 Plance,
764 2982 974 3045 mer0,
1023 2983 1134 3025 seu
1174 2964 1240 3024 te
1283 2960 1598 3044 fulgentia
1641 2959 1842 3045 signis

283 3011 511 3110 Castra
549 3048 776 3109 tenent
819 3067 933 3110 seu
955 3011 1173 3108 densa
1213 3044 1460 3108 tenebit
2058 3057 2123 3107 20

189 3162 451 3227 Tiburis
494 3164 724 3228 umbra
764 3164 880 3229 tui.
969 3162 1210 3228 Teucer
1252 3161 1579 3227 Salamina
1624 3164 1997 3246 patremque

284 3245 447 3311 Cum
488 3249 769 3333 fugeret,
814 3251 1035 3312 tamen
1076 3247 1203 3311 uda
1244 3247 1456 3345 Lyaeo

187 3330 512 3414 Tempora
551 3333 828 3417 populea
869 3333 1072 3397 fertur
1114 3332 1395 3397 vinxisse
1439 3352 1705 3408 corona,

280 3413 388 3480 Sic
430 3416 645 3480 tristes
690 3416 939 3482 adfatus
984 3416 1250 3481 amicos·
