2514 3950
94 211 260 282 vn]
920 204 1155 261 -LIBER
1194 206 1265 261 11.
1939 200 2059 266 179

1012 403 1172 479 VII.

105 537 507 604 ‘Iandudum
548 536 835 602 ausculto
848 583 867 619 ,
914 538 979 600 et
1009 537 1271 620 cupiens
1313 535 1433 600 tibi
1477 535 1685 601 dicere
1715 557 1931 602 servus

105 624 335 690 Pauca
414 620 800 686 reformido?
909 618 1231 687 ‘Davusne
1241 619 1302 684 ?’
1403 619 1554 719 ‘Ifissae
1631 618 1878 703 Davus,

1344 726 1620 770 ammam

109 792 518 875 Mancipium
548 789 807 855 domino
839 792 905 854 et
931 789 1103 873 frugi
1141 790 1312 872 quod
1342 790 1428 854 sit
1456 789 1642 872 satis,
1674 789 1798 854 hoc
1834 791 1950 873 est,
2008 783 2014 789 ’

108 877 207 942 Vt
251 876 449 940 vitale
492 877 721 959 putes.’
813 873 983 959 ‘Age
1026 873 1322 938 libertate
1364 872 1732 958 Decembri,

126 961 408 1037 Quando
453 960 544 1022 ita
584 958 855 1022 maiores
898 956 1263 1040 voluerunt,
1306 961 1513 1043 utere3
1557 967 1788 1023 narra.’
2024 970 2056 1019 5

115 1045 310 1108 ‘Pars
353 1042 688 1111 hominum
730 1040 902 1104 vitiis
945 1040 1180 1125 gaudet
1214 1044 1582 1105 constanter
1612 1045 1676 1106 et
1702 1045 1934 1127 urguet

116 1125 565 1210 Propositum3
589 1145 739 1207 pars
759 1123 961 1187 multa
975 1126 1127 1188 nata
1190 1124 1383 1189 modo
1403 1127 1578 1189 recta
1598 1146 1952 1210 capessens,

118 1209 460 1275 Interdum
502 1208 715 1292 pravis
759 1207 1051 1272 obnoxia.
1187 1229 1343 1293 aepe
1385 1210 1645 1273 notatus

120 1295 292 1361 Cum
336 1293 542 1358 tribus
585 1292 809 1357 anellis
884 1291 1075 1357 modo
1122 1292 1301 1356 laeva
1343 1293 1596 1358 Priscus
1640 1292 1847 1377 inani,

119 1379 311 1445 Vixit
353 1376 734 1462 inaequaIiS,
779 1397 812 1442 c
840 1398 1026 1441 avum
1067 1379 1141 1442 ut
1182 1380 1459 1441 mutaret
1499 1377 1569 1442 in
1608 1375 1829 1459 horas,
1998 1390 2061 1440 ιο

122 1463 414 1528 Aedibus
460 1483 537 1526 ex
577 1460 832 1546 magnis
876 1460 1085 1525 subito
1130 1482 1198 1525 se
1242 1461 1571 1545 conderet,
1616 1460 1785 1525 unde

122 1546 432 1611 Mundior
476 1546 675 1610 exiret
715 1545 821 1611 vix
863 1544 1197 1610 libertinus
1241 1545 1540 1631 honeste3

123 1632 268 1698 Iam
312 1630 613 1696 moechus
656 1629 927 1713 Romae,
973 1629 1101 1694 iam
1142 1631 1364 1695 mallet
1406 1631 1630 1696 doctus
1658 1630 1935 1695 Athenis

131 1716 392 1800 Vivere,
436 1714 838 1798 Vertumnis,
883 1717 1200 1798 quotquot
1237 1718 1414 1798 sunt,
1458 1718 1647 1780 natus
1676 1715 1931 1799 iniquis.

128 1801 363 1867 Scurra
405 1798 786 1865 Volanerius
799 1846 818 1880 ‚
862 1801 1202 1882 postquam
1244 1799 1341 1862 illi
1383 1799 1552 1863 iusta
1596 1799 1901 1883 cheragra
1999 1811 2060 1861 15

129 1883 444 1951 Contudit
486 1882 785 1945 articulos
799 1928 818 1962 ‚
864 1881 973 1963 qui
1014 1902 1131 1962 pro
1177 1901 1246 1945 se
1287 1882 1543 1946 tolleret
1585 1885 1772 1964 atque

136 1968 422 2034 Mitteret
462 1966 532 2029 in
573 1963 863 2049 phimum
904 1964 1070 2028 talos
1081 2013 1101 2049 ,
1146 1964 1437 2029 mercede
1480 1965 1704 2030 diurna

134 2050 539 2117 Conductum
580 2049 786 2132 pavit:
841 2052 1079 2131 quanto
1123 2049 1518 2114 constantior
1558 2049 1761 2113 isdem

136 2135 216 2199 ln
258 2134 461 2216 yitiis‚
506 2135 689 2197 tanto
733 2132 932 2197 levius
974 2132 1169 2197 miser
1211 2154 1285 2198 ac
1328 2134 1504 2218 prior
1544 2133 1689 2217 ille,

141 2218 279 2295 Qui‘
305 2219 433 2283 iam
475 2218 808 2299 content0‚
852 2216 980 2281 iam
1024 2217 1168 2281 laxo
1211 2218 1365 2284 fune
1408 2217 1698 2284 laborat.'
1998 2233 2066 2283 20

139 2302 312 2368 ‘Non
336 2302 525 2385 diceS‚
547 2301 738 2367 hodie
770 2322 1069 2385 quorsum
1095 2301 1254 2367 haec
1285 2305 1418 2367 tam
1443 2303 1667 2387 putida
1686 2303 1955 2369 tendant

143 2386 491 2452 FurciferP’
525 2386 654 2449 ‘Ad
675 2389 769 2468 te,
803 2386 1108 2469 inquam?
1157 2385 1320 2463 ‘'Quo
1343 2391 1563 2536 pficwd,
1592 2353 1970 2471 pessimeP’

1431 2494 1511 2537 au
1555 2493 1624 2537 as

144 2556 487 2621 Fortunam
532 2557 597 2620 et
637 2574 847 2618 mores
892 2556 1187 2638 antiquae
1231 2556 1468 2640 plebis,
1516 2560 1581 2621 et
1621 2557 1787 2623 idem
1800 2607 1818 2641 ‚

145 2638 351 2724 Siquis
375 2639 453 2703 ad
496 2637 610 2702 illa
651 2638 805 2703 deus
834 2639 1044 2704 subito
1088 2643 1152 2705 te
1193 2643 1374 2725 agat,
1418 2663 1616 2724 usque
1658 2663 1938 2726 recuses,

147 2725 275 2790 Aut
316 2723 462 2807 quia
502 2743 639 2787 non
682 2723 908 2808 sentis,
955 2724 1124 2808 quod
1167 2725 1436 2809 clamas,
1479 2726 1715 2805 rectius
1761 2746 1929 2809 esse,
2002 2739 2067 2787 25

147 2810 277 2874 Aut
317 2807 466 2891 quia
507 2828 641 2872 non
683 2807 901 2872 firmus
942 2812 1188 2873 rectum
1232 2808 1519 2873 defendis
1531 2857 1552 2892 ,
1597 2812 1662 2873 et
1703 2808 1925 2875 haeres

146 2893 543 2977 Nequiquam
586 2913 780 2957 caeno
827 2894 1087 2976 cupiens
1132 2892 1400 2957 evellere
1442 2893 1746 2976 plantam.

152 2976 377 3043 Romae
419 2998 528 3041 rus
573 2979 785 3061 optas;
832 2977 1159 3042 absentem
1199 2976 1473 3041 rusticus
1516 2978 1737 3042 urbem

152 3058 340 3127 Tollis
370 3061 449 3125 ad
480 3064 652 3125 astra
694 3060 870 3124 levis.
932 3059 1001 3125 Si
1026 3082 1149 3125 nus
1194 3082 1343 3125 uam
1374 3082 1439 3126 es
1483 3061 1649 3128 forte
1678 3066 1940 3128 vocatus

154 3144 252 3209 Ad
279 3166 525 3230 cenam,
571 3144 790 3210 laudas
820 3166 1112 3209 securum
1142 3166 1179 3210 o
1207 3166 1283 3209 us
1327 3166 1432 3230 ac,
1479 3147 1649 3211 velut
1676 3168 1943 3230 usquam
2002 3160 2068 3210 30

157 3227 408 3293 Vinctus
453 3251 589 3313 eas,
633 3229 724 3293 ita
764 3231 829 3293 te
872 3228 1125 3294 felicem
1167 3229 1326 3294 dicis
1371 3252 1697 3315 amasque,
1734 3269 1756 3280 -

157 3311 330 3389 Quod
370 3333 681 3396 nusquam
724 3313 842 3378 tibi
887 3314 972 3378 sit
1010 3314 1382 3398 potandum.
1454 3314 1721 3380 Iusserit
1749 3316 1830 3380 ad
1873 3336 1941 3381 se

160 3395 480 3484 Maecenas
525 3418 734 3462 serum
778 3399 895 3463 sub
939 3397 1181 3464 lumina
1222 3399 1434 3484 prima
1475 3401 1693 3465 venire

159 3479 517 3550 Convivam:
566 3490 823 3547 ‘nemon
867 3483 1078 3548 oleum
1120 3482 1246 3548 fert
1290 3483 1510 3549 ocius?
1558 3486 1771 3569 ecquis

1662 3588 1760 3639 12·
