2514 3950
376 191 498 256 116
1195 191 1493 248 EPODON
2225 185 2314 259 [x.

501 357 732 442 Opima
774 355 1000 441 quodsi
1041 355 1278 441 praeda
1321 374 1511 420 curvo
1554 353 1744 419 litore

582 442 885 509 Porrecta
925 462 1183 526 mergos
1225 439 1488 504 iuveris:
1665 464 1674 471 ⁴

498 525 906 592 Libidinosus
949 524 1363 589 inmolabitur
1405 544 1596 607 caper

583 609 673 676 Et
714 631 885 696 agna
927 608 1458 693 Tempestatibus,

1271 915 1395 988 XI.

497 1047 696 1132 Petti,
739 1047 904 1112 nihil
945 1068 1049 1111 me
1093 1046 1259 1112 sicut
1300 1049 1490 1111 antea
1531 1046 1708 1111 iuvat

583 1131 873 1198 Scribere
917 1131 1260 1196 versiculos
1306 1151 1519 1196 amore
1560 1149 1932 1214 percussum
1973 1127 2189 1212 gravi,

497 1217 767 1300 Amore,
812 1217 922 1300 qui
962 1237 1066 1281 me
1107 1218 1359 1301 praeter
1401 1235 1623 1280 omnes
1653 1213 1896 1311 expetit
2025 1230 2028 1233 “

581 1301 887 1365 Mollibus
929 1300 1000 1365 in
1040 1301 1254 1384 pueris
1299 1302 1411 1363 aut
1450 1300 1521 1364 in
1562 1298 1792 1383 puelhs
1835 1317 2035 1361 urere.

372 1397 406 1448 5
503 1385 630 1450 Hic
670 1385 898 1450 tertius
931 1383 1316 1468 December,
1362 1405 1439 1449 ex
1482 1403 1607 1467 quo
1651 1380 1868 1446 destiti

582 1468 848 1534 Inachia
890 1469 1126 1551 furere,
1171 1469 1349 1532 silvis
1391 1467 1706 1532 honorem
1748 1465 2005 1531 decutit.

496 1552 642 1618 Heu
683 1574 818 1636 me,
860 1574 976 1637 per
1016 1551 1290 1635 Vrbem,
1339 1574 1491 1616 nam
1529 1551 1730 1649 pudet
1771 1549 1937 1614 tanti
1976 1548 2131 1646 mali
2143 1596 2165 1631 ,

581 1636 826 1701 Fabula
868 1638 1108 1720 quanta
1150 1636 1273 1700 fui!
1341 1635 1794 1702 conviviorum
1838 1637 1903 1698 et
1944 1635 2236 1718 paemtet
2245 1681 2270 1716 ‚

496 1720 577 1785 In
620 1721 761 1803 quis
805 1722 1125 1785 amantem
1166 1721 1439 1806 languor
1483 1723 1548 1785 et
1590 1719 1914 1784 silentium

373 1817 439 1866 10
583 1804 821 1889 Arguit
863 1807 929 1870 et
970 1805 1166 1870 latere
1207 1805 1446 1889 petitus
1489 1805 1619 1869 imo
1665 1803 1942 1886 spiritus.

498 1886 847 1954 ‘Contrane
890 1890 1137 1954 lucrum
1179 1889 1277 1953 nil
1319 1890 1529 1953 valere
1574 1887 1914 1953 candidum

579 1972 888 2059 Pauperis
930 1975 1265 2060 ingenium
1280 1975 1323 2039 l'
1369 1974 1674 2057 querebar
1718 1971 2056 2057 adplorans
2099 1971 2260 2057 tibi,

497 2057 700 2124 Simul
745 2059 1011 2124 calentis
1054 2058 1515 2123 inverecundus
1561 2059 1715 2123 deus

578 2141 945 2207 Fervidiore
988 2163 1163 2207 mero
1207 2164 1441 2207 arcana
1481 2145 1810 2228 promorat
1851 2141 2013 2205 loco,

372 2237 435 2287 15
502 2225 771 2301 ‘Quodsi
852 2226 1012 2290 meis
1054 2227 1373 2291 inaestuet
1413 2226 1799 2312 praecordiis

577 2308 809 2373 Idbera
849 2309 1030 2394 bilis,
1073 2313 1149 2374 ut
1188 2309 1349 2375 haec
1392 2311 1647 2396 ingrata
1684 2311 1891 2376 ventis
1935 2310 2177 2375 dividat

490 2392 807 2458 Fomenta
847 2394 1076 2462 volnus
1116 2395 1214 2459 nil
1254 2396 1495 2460 malum
1537 2395 1843 2478 levantia,

577 2476 847 2543 Desinet
886 2478 1215 2563 inparibus
1261 2483 1502 2545 certare
1545 2480 1876 2544 submotus
1918 2480 2175 2565 pudor.’

493 2559 626 2626 Vbi
667 2560 826 2627 haec
869 2583 1122 2628 severus
1164 2566 1230 2628 te
1273 2565 1490 2648 palam
1532 2564 1963 2648 laudaveram,

368 2657 439 2708 20
579 2645 798 2711 Iussus
842 2646 1017 2711 abire
1061 2647 1351 2731 domum,
1396 2648 1647 2713 ferebar
1688 2649 1933 2714 incerto
1977 2648 2138 2733 pede

493 2730 599 2794 Ad
640 2751 775 2795 non
818 2730 1056 2795 amicos
1097 2729 1224 2796 heu
1267 2731 1427 2796 mihi
1516 2736 1687 2798 ostes
1732 2737 1799 2797 et
1838 2733 1965 2797 heu

575 2813 829 2879 Limina
872 2815 1031 2880 dura
1074 2817 1303 2898 quibus
1345 2818 1480 2880 lum
1526 2838 1599 2881 os
1643 2819 1709 2881 et
1750 2817 1987 2902 infregi
2026 2818 2228 2884 latus.

492 2897 684 2963 Nunc
725 2899 1064 2983 gloriantis
1109 2900 1459 2983 quamlibet
1499 2901 1937 2965 mulierculam

579 2980 854 3046 Vincere
896 2983 1167 3049 mollitie
1210 3005 1392 3048 amor
1432 2984 1683 3068 Lycisci
1724 3006 1826 3050 me
1869 2987 2073 3070 tenet3

367 3076 435 3127 25
498 3064 686 3129 Vnde
730 3065 1026 3150 expedire
1068 3089 1203 3133 non
1246 3069 1594 3133 amicorum
1638 3072 1874 3152 queant

576 3147 806 3214 Idbera
848 3152 1116 3215 consilia
1156 3174 1278 3217 nec
1321 3154 1742 3218 contumeliae
1784 3174 2044 3239 graveS,

494 3231 619 3297 Sed
661 3233 822 3297 alius
867 3235 1055 3299 ardor
1098 3238 1209 3300 aut
1295 3237 1502 3302 uellae
1547 3237 1852 3302 candidae

577 3315 713 3381 Aut
753 3318 972 3383 teretis
1016 3320 1198 3403 pueri
1242 3258 1508 3405 ssngam
1551 3322 1919 3388 renodantis
1964 3343 2249 3392 comam.
