2514 3950
418 157 546 222 214
948 157 1463 215 EPIsrvnAavn
1504 157 1721 214 Lmen
1749 158 1792 215 1.
2178 160 2355 236 [xx]

542 323 697 390 Non
739 322 860 388 erit
901 321 1133 387 emisso
1175 320 1416 386 reditus
1459 320 1599 385 tibi.
1682 319 1875 397 ‘Quid
1915 319 2108 385 miser
2153 322 2307 407 egi?

546 408 714 484 Quid
755 406 928 472 volui
939 406 996 470 Ῥ
1045 406 1247 489 dices,
1302 405 1414 470 ubi
1457 404 1608 489 quid
1651 406 1717 469 te
1771 404 2055 490 laeserit3
2113 409 2179 470 et
2223 406 2356 471 scis

543 491 625 556 In
665 492 857 557 breve
900 493 966 556 te
1010 511 1085 556 co
1136 492 1151 506 '
1164 538 1183 574 ‚
1229 511 1375 555 cum
1416 489 1643 573 plenus
1687 488 1952 575 languet
1993 492 2261 554 amator.

547 574 791 652 Quodsi
870 596 1005 640 non
1048 596 1087 639 o
1138 575 1194 639 'o
1237 573 1562 658 peccantis
1607 572 1841 658 desipit
1881 595 2113 661 augur,

422 673 489 725 10
551 660 753 726 Carus
797 660 921 725 eris
964 659 1235 742 Romae,
1283 658 1485 723 donec
1525 660 1591 723 te
1636 657 1886 723 deserat
1926 660 2132 743 aetas3

547 745 993 812 contrectatus
1036 743 1149 807 ubi
1189 743 1485 808 manibus
1529 742 1889 808 sordescere
1931 743 2107 827 volgi

547 828 849 913 Coeperis
861 877 879 911 ‚
925 830 1036 892 aut
1075 827 1283 892 tineas
1325 847 1548 912 pasces
1589 828 1944 901 taciturnus
1986 827 2225 891 inertes

542 914 679 977 Aut
718 912 927 997 fugies
969 910 1225 978 Uticam
1279 914 1392 977 aut
1431 911 1681 977 vinctus
1736 911 2006 975 mitteris
2049 909 2352 977 Ilerdam.

544 996 804 1062 Ridebit
844 995 1127 1061 monitor
1165 1016 1303 1060 non
1345 996 1703 1079 exauditus,
1747 998 1822 1059 ut
1860 996 1971 1060 ille
1981 1043 2002 1079 ‚

421 1093 485 1146 15
546 1081 668 1157 Qui
711 1081 879 1146 male
919 1082 1250 1179 parentem
1293 1080 1363 1178 in
1404 1100 1594 1164 rupes
1635 1079 1945 1164 protrusit
1985 1078 2258 1145 asellum

542 1166 785 1231 Iratus:
831 1186 972 1249 quis
1016 1187 1188 1230 emm
1230 1166 1504 1229 mvitum
1547 1185 1798 1229 servare
1840 1162 2131 1229 laboret?

542 1249 687 1316 Hoc
709 1271 959 1334 quoque
977 1251 1042 1314 te
1063 1251 1300 1333 manet,
1330 1252 1404 1314 ut
1422 1269 1653 1346 pueros
1676 1249 1990 1313 elementa
2011 1247 2355 1314 docentem

546 1334 834 1418 Occupet
877 1334 1173 1399 extremis
1217 1334 1289 1397 in
1330 1333 1487 1398 vicrs
1531 1332 1723 1397 balba
1764 1335 2072 1398 senectus.

545 1417 709 1484 Cum
752 1418 872 1482 tibi
917 1418 1016 1483 sol
1056 1417 1309 1502 tepidus
1351 1418 1568 1501 plures
1612 1416 1964 1483 admoverit
2004 1437 2221 1501 aures,

416 1515 486 1566 20
546 1504 654 1568 Me
698 1502 996 1567 libertino
1039 1505 1264 1566 natum
1305 1505 1485 1585 patre
1529 1502 1594 1566 et
1635 1501 1705 1566 in
1747 1503 1925 1567 tenui
1971 1522 2041 1565 re

542 1587 821 1651 Maiores
874 1587 1107 1667 pinnas
1149 1585 1303 1650 nido
1349 1585 1707 1650 extendisse
1749 1586 2027 1670 loqueris
2042 1634 2061 1668 ‚

541 1669 634 1736 Vt
676 1671 983 1752 quantum
1071 1670 1244 1734 eneri
1290 1669 1536 1754 demas,
1584 1670 1920 1736 virtutibus
1963 1668 2192 1755 addas3

543 1754 651 1818 Me
693 1753 917 1837 primis
959 1774 1037 1817 ur
1081 1753 1135 1818 is
1179 1753 1334 1818 belli
1375 1754 1692 1838 placuisse
1737 1755 2060 1838 domique,

544 1837 849 1922 Corporis
893 1838 1136 1923 exigui,
1179 1859 1561 1922 praecanum
1574 1887 1593 1921 ‚
1637 1838 1879 1905 solibus
1922 1841 2178 1923 aptum,

417 1933 484 1987 25
547 1922 745 1990 Irasci
789 1923 1056 1988 celerem
1069 1971 1087 2007 ‚
1132 1925 1350 1989 tamen
1392 1925 1465 1988 ut
1504 1922 1839 2008 placabilis
1883 1944 2105 1989 essem.

542 2007 736 2073 Forte
777 2030 990 2073 meum
1035 2008 1230 2092 siquis
1273 2010 1340 2073 te
1381 2008 1859 2092 percontabitur
1900 2028 2156 2072 aevum:

542 2092 651 2158 Me
695 2094 920 2175 quater
961 2092 1251 2157 undenos
1296 2091 1460 2157 sciat
1500 2092 1844 2175 inplevisse
1886 2090 2313 2180 Decembres,

545 2175 877 2261 Collegam
918 2175 1231 2259 Lepidum
1275 2197 1401 2260 quo
1446 2175 1609 2240 dixit
1649 2175 1895 2242 Lollius
1937 2197 2130 2243 anno.
