2514 3950
917 172 1487 230 PROLEGOMENA.
1987 176 2164 232 XLIII

244 323 438 384 tuerit
480 323 591 398 illi,
636 323 849 384 relicta
892 325 966 382 ut
1008 325 1360 401 plerumque
1405 325 1768 386 rubricatori
1810 343 2020 387 versus
2065 326 2164 386 lit-

245 413 382 474 tera
425 412 662 485 initiali,
707 412 808 473 vix
851 415 948 472 est
990 412 1151 488 quod
1192 430 1485 472 moneam.

378 518 492 576 1111,
528 503 589 577 4,
631 502 887 574 18—22
936 502 1144 574 quibus
1175 531 1253 542 —
1284 503 1386 562 sed
1419 502 1640 562 seclusi
1672 519 1810 562 cum
1843 503 2164 580 plerisque.

378 608 492 663 nn,
529 591 591 664 4,
621 591 903 648 61—64.
956 589 1095 648 Non
1120 591 1286 649 recte
1312 590 1468 649 hanc
1492 591 1804 666 stropham
1830 592 2164 652 Meinekius

247 676 468 753 aliique
494 677 919 739 abiudicarunt
942 677 1020 736 ab
1046 676 1319 739 Horatio.
1364 678 1494 738 Nec
1520 679 1680 738 enim
1707 679 1900 739 exitus
1919 679 2166 756 Hydrae

248 767 314 824 et
358 765 739 841 Spartornm,
795 766 902 825 sed
945 765 1105 826 vires
1152 768 1577 841 comparantur
1622 785 1759 826 cum
1801 768 2010 843 populi
2053 769 2166 827 Ro-

246 854 428 914 mani.
499 855 590 914 Ac
633 873 710 913 ne
755 853 957 930 potuit
1000 853 1242 930 quidem
1285 855 1345 913 11.
1380 856 1425 914 1.
1459 855 1817 932 Spartorum
1852 849 2022 936 (nam
2056 856 2167 917 hos

249 941 574 1019 significari
616 942 801 1003 verbo
844 945 1158 1004 submisere
1191 938 1667 1025 demonstratur)
1704 945 2027 1004 memorari
2071 963 2171 1004 ex-

247 1033 400 1106 itus,
456 1049 592 1091 cum
645 1030 872 1091 mutuis
927 1031 993 1089 hi
1044 1030 1423 1108 vulneribus,
1478 1050 1599 1093 non
1653 1032 1731 1091 ab
1786 1033 2001 1093 Iasone
2061 1034 2171 1091 aut

252 1075 474 1178 Cadmo
519 1118 666 1179 victi
710 1118 1149 1177 succubuerint.

383 1225 505 1282 1111,
550 1209 611 1284 4,
661 1207 742 1266 65
788 1222 1003 1266 merses
1033 1207 1367 1279 profundo:
1398 1208 1702 1281 pulchrior
1749 1211 1946 1269 evcnit.
2034 1208 2172 1267 Etsi

251 1294 538 1355 Horatius
592 1296 795 1370 plura,
850 1293 915 1354 in
968 1296 1182 1370 quarto
1227 1294 1486 1354 maxime
1530 1295 1714 1370 libro,
1757 1295 1970 1373 habet,
2015 1313 2169 1372 quae

251 1383 530 1444 carminis
566 1382 742 1459 lyrici
777 1383 1070 1458 gravitati
1104 1401 1322 1458 parum
1354 1383 1674 1444 videantur
1699 1383 2036 1452 convenire,
2071 1384 2173 1444 vix

250 1477 457 1532 tamen
509 1471 710 1548 credo,
766 1490 904 1531 eum
946 1471 1229 1531 Plautino
1285 1490 1449 1532 more
1494 1473 1765 1548 potmsse
1811 1473 1868 1532 h.
1914 1472 2170 1533 1811111-

251 1562 395 1622 bere
454 1561 746 1621 even-uendi
797 1559 1050 1620 verbum
1102 1579 1211 1635 pro
1267 1578 1338 1619 eo
1393 1560 1553 1637 quod
1614 1562 1866 1621 honeste
1921 1560 2172 1621 dixisset

253 1650 440 1716 exilit,
485 1650 559 1707 ut
598 1649 826 1725 legitur
870 1666 966 1724 ap.
1009 1649 1198 1708 Rutil.
1248 1648 1493 1709 Namat-
1528 1668 1578 1726 1,
1621 1652 1766 1711 130.
1843 1650 1933 1709 Ac
1968 1652 2173 1709 tamen

251 1738 480 1798 mutari
513 1737 874 1813 scripturam
918 1737 1208 1798 traditam
1240 1755 1457 1812 parum
1490 1738 1663 1799 utile.
1737 1738 1897 1797 Nam
1930 1738 2172 1798 videtur

252 1826 352 1886 hic
405 1827 476 1885 ut
530 1825 677 1885 alibi
731 1825 798 1885 in
847 1825 966 1885 fine
1010 1827 1112 1887 vel
1155 1825 1327 1885 initio
1373 1844 1661 1887 versuum
1703 1825 2173 1903 Horatianorum

254 1914 502 1992 gravius
556 1915 747 1974 latere
803 1913 1037 1975 vitium.
1131 1912 1412 1973 Ceterum
1468 1914 1627 1990 quod
1678 1915 1744 1973 in
1795 1915 2172 1991 paucissimis

254 2003 483 2079 legitur
533 2003 831 2063 codicibus
877 2004 1046 2068 exiet,
1100 2001 1583 2076 interpolationis
1629 2006 1725 2061 est
1766 2004 2172 2064 manifestum.

387 2109 508 2165 1111,
546 2092 614 2166 4,
656 2092 735 2149 73
768 2090 1086 2163 perficiunt
1118 2088 1330 2149 Bland.
1370 2089 1835 2165 vetustissimus,
1869 2094 2176 2165 perficient

257 2179 387 2241 cdd.
430 2178 721 2255 plerique.

386 2286 506 2344 1111,
555 2269 613 2341 5,
661 2270 702 2327 4
749 2266 984 2327 consilio
1026 2267 1167 2327 Fea.

387 2376 510 2432 1111,
549 2357 720 2440 5,18
749 2358 933 2416 nutrit
957 2357 1134 2429 farra
1161 2354 1336 2418 Ceres
1361 2357 1632 2430 almque
1657 2358 1968 2432 faustitas;
1993 2358 2172 2430 farra

254 2446 333 2520 B,
377 2463 526 2506 rura
568 2401 1082 2519 codd.1rrepsit
1126 2444 1343 2506 vitium
1397 2464 1469 2505 ex
1512 2447 1643 2506 loco
1687 2445 1956 2520 proxime
1998 2462 2173 2520 prae·

175 2594 179 2597 ,
256 2534 524 2610 cedente,
568 2535 640 2592 ut
683 2532 845 2591 haud
879 2551 1016 2592 raro
1053 2533 1283 2593 factum
1325 2533 1389 2592 in
1425 2533 1554 2594 cdd.
1592 2533 1735 2594 Hor.
1807 2533 2005 2593 Minus
2043 2533 2173 2608 qui-

257 2623 395 2683 dem
447 2623 524 2681 ab
580 2624 712 2680 arte
757 2620 1236 2699 commendatur,
1293 2640 1653 2698 quamquam
1705 2640 1816 2697 per
1859 2640 1925 2682 se
1970 2622 2175 2698 potest

256 2712 521 2787 placere,
585 2710 747 2786 quod
807 2709 914 2768 alii
976 2709 1356 2769 scribendum
1419 2710 1836 2770 existimarunt
1887 2730 1946 2770 v.
2000 2728 2175 2785 supe-

256 2801 415 2859 riore
461 2804 497 2859 t.
545 2801 596 2858 b.
644 2816 689 2857 e.
722 2803 908 2871 prata
940 2800 1331 2872 perambulat.

392 2890 452 2962 5,
500 2888 777 2947 25—28.
860 2887 1087 2946 Versus
1132 2887 1344 2962 utique
1386 2887 1557 2946 obelo
1601 2885 1866 2958 notandi,
1911 2885 2175 2961 primum

257 2977 417 3054 (111οᾱ
451 2975 709 3052 pessime
745 2975 1192 3050 interrumpunt
1228 2974 1688 3050 descriptionem
1716 2974 1881 3050 pacis
1908 2973 2173 3050 Augusti

255 3083 443 3141 opera
483 3066 717 3140 partae,
763 3063 976 3123 deinde
1020 3063 1179 3139 quod
1221 3063 1427 3138 inepte
1462 3062 1609 3123 belli
1643 3062 2062 3139 Hispaniensis
2103 3061 2175 3118 fit

257 3153 510 3229 mentio,
556 3171 691 3212 cum
737 3151 1029 3227 Hispania
1073 3156 1371 3226 tempore,
1428 3170 1545 3228 quo
1591 3151 1703 3210 hoc
1748 3167 1988 3210 carmen
2033 3149 2173 3208 scri-

256 3245 429 3316 ptum
466 3246 586 3315 est,
632 3240 754 3299 iam
789 3239 1022 3315 pridem
1069 3241 1229 3299 esset
1272 3242 1504 3315 pacata.
1576 3238 1749 3298 Unde
1782 3238 1944 3297 idem
1983 3237 2174 3297 Hora-

258 3328 380 3387 tius
425 3329 489 3387 in
533 3329 793 3388 car-mine
837 3329 1018 3404 paulo
1072 3330 1211 3403 post
1265 3327 1486 3403 scripto
1540 3327 1700 3386 inter
1750 3326 1958 3385 laudes
2003 3325 2176 3406 ponit

259 3416 542 3493 Augusti,
588 3416 749 3493 quod
785 3435 923 3476 eum
957 3415 1242 3476 Hiberiae
1278 3417 1459 3476 tellus
1498 3415 1721 3475 audiat.
1793 3413 1925 3474 Hoc
1969 3414 2176 3472 autem

2175 3695 2298 3774 s
2327 3693 2330 3696 Ἴ
