2514 3950
245 165 347 219 XII
925 163 1494 221 PROLEGOMENA.

246 308 566 394 profuerit
603 308 935 374 servandis
973 309 1184 373 medio
1213 330 1374 374 aevo
1412 309 1599 374 libris
1636 309 1887 376 Latinis
1923 310 2158 383 nenini

246 399 565 483 ignotum,
586 419 977 482 quamquam
998 396 1380 463 Blandinios
1410 398 1676 482 codiccS,
1697 399 1984 464 omnium
2004 399 2168 484 opti·

249 507 410 569 mOS,
432 486 640 551 Roma
660 485 1040 552 Gandavum
1060 486 1351 571 perlatos
1372 508 1514 551 esse
1533 491 1808 553 constat.
1854 487 2068 573 Igitur
2085 509 2168 553 ne

248 574 372 640 hoc
420 574 677 658 quidem
724 579 826 640 est
871 575 1126 658 mirum,
1171 575 1344 659 quod
1390 575 1638 641 codices
1677 575 1939 640 Horatii
1976 574 2169 642 Caro·

250 662 493 748 lingica
548 667 763 728 aetate
819 663 1217 748 antiquiores
1272 685 1404 728 non
1448 664 1580 729 iam
1625 664 2036 749 reperiuntur
2085 701 2166 712 —

250 773 404 816 nam
449 751 626 836 ipsos
672 750 1055 817 Blandinios
1103 773 1267 817 saec.
1302 752 1505 817 fuisse
1540 753 1696 817 noni
1734 753 1977 817 adserit
2013 751 2170 817 Cru-

254 840 442 924 quius
465 877 547 887 -
578 844 644 904 et
672 841 935 924 quidam
964 862 1214 906 errores
1244 839 1504 905 Horatii
1533 841 1823 906 codicum
1850 840 2169 906 Merovin·

255 928 382 1013 gici
427 929 741 1012 temporis
787 951 944 1013 prae
992 951 1060 994 se
1103 929 1322 994 fenmt
1368 929 1702 1015 originem.

386 1015 892 1102 Dittographiae
939 1022 1157 1083 autem
1201 1018 1369 1083 istae
1405 1021 1664 1102 praeter
1700 1039 1829 1102 eaS,
1867 1037 2028 1101 quas
2064 1016 2169 1080 lit-

255 1105 412 1169 teris
468 1107 856 1190 permutatis
912 1107 1047 1171 sive
1106 1106 1379 1190 syllabis
1439 1128 1779 1191 perperam
1838 1105 2170 1170 distractis

254 1215 368 1258 seu
414 1194 772 1261 coniunctis
818 1195 923 1260 vel
971 1194 1294 1260 similibus
1341 1200 1614 1279 apparet
1660 1216 1800 1259 esse
1848 1198 2026 1259 ortas
2074 1215 2172 1258 er-

254 1282 532 1367 roribuS‚
576 1288 854 1349 novatae
901 1288 1053 1347 sunt
1099 1286 1213 1346 aut
1248 1286 1325 1344 ut
1361 1282 1487 1345 loci
1526 1283 1818 1346 mendosi
1852 1282 1958 1346 vel
1996 1283 2172 1346 lacu-

253 1371 399 1434 nosi
447 1372 581 1435 sive
629 1371 923 1434 difficiles
961 1369 1415 1452 qualicumque
1465 1369 1656 1432 modo
1694 1368 2172 1473 corrigerentur

256 1461 370 1522 aut
417 1457 713 1541 cupidine
758 1456 1052 1522 variandi
1096 1456 1416 1521 vocabula
1461 1478 1838 1558 synonyma,
1889 1457 1991 1522 cui
2037 1457 2172 1540 qui-

255 1545 402 1609 dem
483 1545 835 1629 plurimum
909 1545 1256 1609 indulsisse
1328 1545 1523 1609 medii
1596 1545 1737 1610 aevi
1819 1546 2171 1611 monachos

256 1634 360 1698 cui
418 1633 760 1719 ignotum?
851 1633 949 1698 Ac
1004 1635 1158 1699 satis
1218 1638 1456 1699 constat
1513 1633 1645 1700 iam
1702 1635 1774 1699 in
1819 1635 1958 1717 ipsa
2009 1636 2171 1699 anti-

254 1723 486 1804 quitate
549 1722 838 1787 librarios
898 1722 1070 1788 haud
1127 1742 1165 1784 r
1164 1741 1277 1787 aro
1342 1723 1558 1788 lusisse
1610 1724 1934 1789 variandis
1996 1742 2173 1807 syno-

254 1812 475 1892 nymis.
564 1810 836 1875 Auctam
899 1811 968 1876 id
1025 1811 1244 1876 vitium
1306 1812 1504 1876 medio
1566 1831 1738 1896 aev0‚
1800 1813 2069 1877 maxime
2130 1831 2174 1875 a

256 1898 472 1963 Caroli
515 1899 746 1981 Mayni
790 1902 1050 1983 tmepore
1094 1919 1284 1982 usque
1326 1901 1413 1965 ad
1452 1919 1602 1966 saec.
1650 1920 1805 1964 XIII.
1831 1936 1919 1947 —-
1948 1899 2174 1964 Veluti

254 1988 459 2053 habes
504 1988 573 2052 in
621 1988 882 2072 scriptis
918 1988 1074 2053 Hor.
1111 1993 1484 2074 permutata
1519 1989 1706 2054 libris
1755 1989 2018 2073 optimis
2055 1989 2200 2053 illa'

255 2082 417 2142 tenes
448 2113 526 2125 —
564 2079 750 2161 nqis,
784 2079 945 2143 redit
978 2115 1064 2124 —-
1098 2080 1288 2161 venit,
1323 2080 1495 2161 ayris
1521 2116 1607 2125 —-
1635 2080 1832 2161 arvis,
1869 2078 2175 2143 laboribus

261 2202 337 2212 —
361 2166 686 2230 doloribus.
749 2164 913 2229 Erat
951 2166 1147 2230 etiam
1176 2166 1291 2229 ubi
1319 2167 1620 2231 monachi
1646 2167 1715 2230 in
1752 2166 2171 2231 describendo

254 2253 534 2317 Horatio
579 2252 934 2329 bibliorum
969 2254 1073 2317 vel
1123 2252 1501 2338 disciplinae
1548 2254 1942 2318 christianae
1977 2253 2171 2317 nimis

257 2345 472 2406 essent
500 2363 837 2424 memore8‚
863 2341 1066 2406 veluti
1094 2364 1238 2407 cum
1271 2342 1628 2407 scriberent
1659 2342 1853 2422 festus
1879 2342 1950 2406 in
1966 2341 2175 2423 pratis

254 2435 434 2495 vacat
474 2431 661 2495 otioso
706 2449 843 2494 cum
898 2430 1037 2495 bove
1077 2430 1323 2512 pardus
1365 2451 1484 2513 pro
1532 2449 1738 2512 payas
1783 2432 1896 2493 aut
1943 2428 2024 2493 ad
2068 2451 2172 2493 res

254 2517 568 2583 Venerias
607 2517 1020 2582 detestandas
1059 2517 1445 2582 adiectivum
1484 2522 1670 2583 taeter
1704 2517 2173 2583 substituerent

257 2607 614 2691 scripturae
659 2606 958 2670 traditae.

389 2694 774 2759 Translatae
835 2698 1052 2759 autem
1117 2717 1157 2758 a
1216 2693 1502 2759 librariis
1566 2715 1642 2758 ex
1703 2694 1849 2758 aliis
1909 2695 1978 2761 in
2042 2695 2173 2760 alia

256 2784 732 2869 exemplaribus
777 2782 1317 2867 interpolationes
1367 2782 1604 2846 sensim
1644 2783 1842 2847 etiam
1879 2783 2171 2869 integros

254 2873 600 2937 foedarunt
643 2872 865 2937 libros,

388 2960 529 3025 Iam
592 2982 755 3044 quae
812 2960 893 3025 ad
949 2959 1347 3023 emendanda
1391 2958 1654 3024 Horatii
1708 2960 1950 3045 scripta
2006 2983 2173 3025 com·

256 3050 461 3114 menti
499 3052 650 3113 sunt
688 3047 1005 3131 monachi,
1043 3048 1264 3132 qualia
1298 3048 1500 3112 habes
1530 3070 1581 3113 c.
1609 3066 1708 3132 111,
1738 3049 1797 3132 5,
1827 3051 1940 3132 373
1969 3050 2073 3131 24,
2100 3051 2172 3131 43

255 3157 344 3221 IV,
383 3139 442 3221 6,
484 3140 593 3221 173
631 3159 727 3222 ep.
764 3155 833 3219 11,
871 3138 932 3220 2,
974 3136 1117 3219 199,
1164 3137 1300 3201 eius
1336 3137 1471 3201 fere
1510 3140 1661 3201 sunt
1697 3140 1909 3221 notae,
1955 3141 2029 3201 ut
2064 3136 2175 3200 vix

260 3227 646 3292 mediocrem
690 3224 919 3289 fallere
964 3226 1218 3310 possint
1265 3226 1578 3291 criticum.

389 3315 747 3399 Aliquanto
815 3313 1140 3379 difficilius
1208 3318 1307 3379 est
1374 3315 1653 3379 alterum
1718 3335 1919 3399 genus
1981 3312 2174 3377 ditto-

259 3404 697 3489 graphiarum‚
745 3403 917 3488 quod
960 3404 1231 3469 variatis
1280 3406 1538 3469 constat
1583 3402 1946 3486 vocabulis;
1994 3405 2061 3466 et
2106 3402 2170 3466 in
