2514 3950
220 165 308 240 v.]
1014 164 1228 219 LIBER
1265 165 1311 221 1.
2024 157 2143 221 141

226 328 537 394 Sarmenti
581 326 841 392 domina
882 329 1118 392 exstat:
1165 328 1246 391 ab
1290 326 1392 390 his
1435 326 1780 391 maioribus
1825 326 1952 391 orti
2079 336 2145 387 55

222 413 324 477 Ad
364 434 648 498 pugnam
683 433 929 477 venere.
1018 411 1202 476 Prior
1245 410 1618 475 Sarmentus
1662 410 1833 494 ‘equi
1872 413 1940 475 te

222 497 381 562 Esse
421 497 543 562 feri
587 497 861 562 similem
904 496 1093 561 dico)
1181 495 1519 579 RidemuS,
1565 497 1632 559 et
1672 494 1810 579 ipse

226 581 494 647 Messius
524 581 845 665 ‘accipio‚'
889 583 1081 664 caput
1120 583 1185 645 et
1222 583 1456 645 movet.
1529 578 1608 643 *Ο
1621 628 1641 662 ,
1684 582 1797 643 tua
1826 599 2024 643 cornu

226 665 309 730 Ni
350 666 518 731 foret
547 669 798 731 exsecto
841 666 1020 730 frons
1031 671 1077 748 ,³
1108 666 1333 749 inquit,
1348 664 1528 748 ‘quid
1559 662 1833 746 faceres,
1879 684 2024 727 cum

226 751 327 816 Sic
370 751 629 816 mutilus
671 750 987 815 minitaris
996 750 1057 815 ‘?’
1144 750 1237 813 At
1279 749 1376 813 illi
1418 748 1608 813 foeda
1651 747 1912 812 cicatrix
2082 760 2150 809 60

226 834 513 900 Setosam
555 835 722 900 laevi
763 835 1042 899 frontem
1083 836 1450 919 turpaverat
1492 833 1641 898 oris.

222 918 617 1003 Campanum
638 920 709 982 in
727 920 1041 1002 morbum,
1070 920 1141 982 in
1159 918 1390 983 faciem
1417 918 1734 1001 permulta
1757 917 2022 1000 iocatuS‚

223 1002 553 1068 Pastorem
596 1003 857 1066 saltaret
896 1002 994 1065 uti
1037 1000 1320 1085 Cyclopa
1360 1003 1662 1086 rogabat:

225 1087 339 1151 Nil
379 1087 476 1149 illi
518 1086 694 1149 larva
735 1087 845 1148 aut
885 1084 1147 1168 tragicis
1192 1106 1352 1168 opus
1396 1106 1533 1149 esse
1577 1085 1925 1150 cothurnis,

226 1169 433 1233 Multa
463 1167 740 1234 Cicirrus
784 1168 866 1232 ad
906 1167 1092 1233 haec:
1139 1168 1439 1233 donasset
1478 1169 1689 1233 iamne
1732 1173 2021 1233 catenam
2084 1182 2150 1232 65

224 1253 325 1318 Ex
366 1256 517 1317 voto
561 1251 857 1336 LaribuS‚
904 1253 1275 1337 quaerebat3
1321 1253 1529 1317 scriba
1573 1252 1742 1336 quod
1786 1258 1982 1337 esset,

224 1337 378 1403 Nilo
424 1337 699 1402 deterius
745 1337 1037 1402 dominae
1079 1338 1179 1403 ius
1225 1359 1392 1402 esse:
1446 1337 1718 1423 rogabat

225 1422 545 1507 Denique,
591 1443 703 1486 cur
742 1444 1044 1506 umquam
1085 1423 1388 1508 fugisset,
1435 1423 1537 1491 cui
1580 1421 1734 1486 satis
1776 1443 1905 1486 una

224 1507 437 1572 Farris
481 1507 645 1571 libra
685 1507 853 1571 foret
865 1557 885 1590 ‚
928 1508 1154 1591 gracili
1199 1508 1292 1572 sic
1334 1510 1591 1591 tamque
1639 1506 1897 1590 pusillo.

224 1590 491 1657 Prorsus
534 1591 807 1656 iucunde
851 1613 1072 1656 cenam
1115 1591 1523 1676 producimus
1566 1591 1765 1656 illam.
2088 1604 2155 1654 70

225 1676 567 1741 Tendimus
585 1675 738 1741 hinc
759 1680 933 1741 recta
947 1676 1405 1760 Beneventum,
1427 1676 1539 1741 ubi
1558 1676 1813 1741 sedulus
1834 1675 2069 1773 hospes
2105 1748 2110 1755 ,

104 1822 109 1823 ff
223 1759 433 1825 Paene
474 1782 723 1825 macros
768 1761 927 1825 arsit
1000 1760 1151 1825 dum
1192 1762 1416 1826 turdos
1458 1764 1672 1825 versat
1713 1761 1783 1825 in
1817 1761 1996 1858 'igmt

222 1841 395 1910 Nam
436 1867 599 1929 vaga
640 1866 755 1927 per
797 1848 1076 1908 veterem
1119 1845 1366 1927 dilapso
1409 1845 1666 1908 flamma
1710 1845 1988 1908 cuhnam

223 1928 515 1994 Volcano
561 1949 879 1992 summum
919 1928 1303 2011 properabat
1345 1928 1623 1992 lambere
1666 1931 1923 1993 tectum.

228 2012 549 2077 Convivas
593 2011 812 2076 avidos
858 2032 1081 2075 cenam
1125 2032 1467 2095 servosque
1517 2013 1816 2075 timentes
2091 2027 2156 2076 ⁷5

224 2095 393 2160 Tum
418 2117 640 2180 rapere
669 2100 857 2180 atque
886 2116 1106 2161 omnes
1149 2096 1545 2181 restinguere
1573 2097 1737 2159 velle
1764 2095 2029 2160 videres,

224 2180 466 2264 Incipit
509 2202 586 2244 ex
628 2180 741 2244 illo
784 2183 1037 2244 montes
1080 2181 1322 2264 Apulia
1362 2183 1553 2245 notos

225 2264 565 2329 Ostentare
607 2264 795 2348 mihi,
841 2285 1000 2348 quos
1043 2267 1246 2329 torret
1286 2265 1604 2330 Atabulus
1650 2270 1716 2330 et
1758 2287 1918 2349 quos

221 2349 593 2434 Numquam
635 2371 997 2433 erepsemus
1011 2398 1030 2431 ,
1084 2350 1213 2413 nisi
1254 2371 1373 2414 nos
1418 2350 1628 2414 vicina
1669 2349 1905 2415 Trivici

222 2433 402 2498 Villa
443 2434 788 2517 recepisset
830 2434 1167 2498 lacrimoso
1211 2455 1346 2498 non
1389 2434 1526 2498 sine
1568 2435 1746 2498 fumo
1759 2485 1779 2518 ,
2089 2449 2158 2498 80

220 2517 404 2582 Vdos
448 2539 593 2582 cum
634 2518 809 2581 foliis
852 2539 1065 2582 ramos
1108 2521 1332 2582 urente
1376 2519 1645 2584 camino.

219 2601 353 2665 Hic
397 2622 516 2685 ego
560 2601 934 2666 mendacem
977 2602 1388 2668 stultissimus
1430 2625 1629 2688 usque
1673 2605 1954 2688 puellam

218 2686 331 2750 Ad
350 2685 627 2749 mediam
647 2688 903 2750 noctem
924 2690 1249 2772 exspect03
1282 2710 1543 2753 somnus
1571 2692 1790 2753 tamen
1819 2693 2027 2753 aulert

216 2770 553 2836 Intentum
595 2771 842 2835 veneri:
885 2774 1025 2835 tum
1066 2772 1375 2836 inmundo
1421 2773 1671 2836 somnia
1711 2773 1852 2836 visu

215 2855 286 2922 N
289 2859 624 2921 octurnam
647 2858 889 2920 vestem
918 2857 1246 2920 maculant
1272 2859 1682 2939 ventremque
1706 2856 2021 2940 supinum.
2088 2870 2154 2920 85

217 2940 536 3015 Quattuor
577 2938 731 3004 hinc
772 2941 1063 3023 rapimur
1103 2940 1338 3024 viginti
1382 2942 1446 3003 et
1487 2940 1665 3003 milia
1706 2941 1946 3025 raediS,

214 3024 512 3088 Mansuri
557 3045 595 3087 o
642 3024 891 3107 pidulo‚
937 3023 1109 3107 quod
1150 3044 1339 3088 versu
1383 3023 1589 3088 dicere
1631 3046 1767 3089 non
1810 3029 1907 3091 est
1920 3076 1938 3109 ,

217 3107 441 3203 Signis
484 3130 565 3192 pe
629 3108 878 3172 acilest:
935 3108 1114 3172 venit
1154 3108 1466 3172 vilissima
1507 3131 1719 3174 rerum

214 3190 351 3254 Hic
395 3213 589 3275 aqua,
635 3192 746 3257 sed
788 3192 973 3276 panis
1017 3192 1211 3276 longe
1253 3192 1745 3277 pulcherrimus,
1788 3196 1958 3259 ultra

216 3273 513 3339 Callidus
556 3278 629 3339 ut
672 3278 876 3341 soleat
905 3278 1140 3341 umeris
1183 3280 1436 3361 portare
1479 3281 1702 3344 viator.
2086 3293 2152 3343 90

209 3358 393 3424 Nam
437 3358 675 3424 Canusi
717 3361 1040 3445 lapidosus
1051 3410 1070 3445 ‚
1117 3383 1314 3446 aquae
1357 3384 1491 3427 non
1535 3362 1721 3427 ditior
1764 3386 1926 3428 urna

212 3442 346 3513 Qui
389 3442 567 3508 locus
611 3465 649 3507 a
689 3444 843 3509 forti
885 3444 1260 3512 Diomedest
1301 3447 1593 3513 conditus
1639 3447 1815 3513 olim.
