<?xml version="1.0" encoding="UTF-8"?>
<!DOCTYPE html PUBLIC "-//W3C//DTD XHTML 1.0 Transitional//EN"
    "http://www.w3.org/TR/xhtml1/DTD/xhtml1-transitional.dtd">
<html xmlns="http://www.w3.org/1999/xhtml" xml:lang="en" lang="en">
 <head>
  <title>
</title>
<meta http-equiv="Content-Type" content="text/html;charset=utf-8" />
  <meta name='ocr-system' content='tesseract 3.04.00' />
  <meta name='ocr-capabilities' content='ocr_page ocr_carea ocr_par ocr_line ocrx_word'/>
</head>
<body>
  <div class='ocr_page' id='page_1' title='image "./carmina00horagoog_0053.png"; bbox 0 0 2514 3950; ppageno 0'>
   <div class='ocr_carea' id='block_1_1' title="bbox 952 171 2195 235">
    <p class='ocr_par' dir='ltr' id='par_1_1' title="bbox 952 171 2195 235">
     <span class='ocr_line' id='line_1_1' title="bbox 952 171 2195 235; baseline 0.007 -9"><span class='ocrx_word' id='word_1_1' title='bbox 952 171 1446 228; x_wconf 80' lang='lat' dir='ltr'>PPOLEGOMEN</span> <span class='ocrx_word' id='word_1_2' title='bbox 1447 173 1514 229; x_wconf 87' lang='lat' dir='ltr'><strong>A.</strong></span> <span class='ocrx_word' id='word_1_3' title='bbox 1992 179 2195 235; x_wconf 87' lang='lat' dir='ltr'><strong>XLVII</strong></span> 
     </span>
    </p>
   </div>
   <div class='ocr_carea' id='block_1_2' title="bbox 280 320 2200 1721">
    <p class='ocr_par' dir='ltr' id='par_1_2' title="bbox 281 320 2198 844">
     <span class='ocr_line' id='line_1_2' title="bbox 281 320 2195 400; baseline 0.004 -18"><span class='ocrx_word' id='word_1_4' title='bbox 281 322 536 383; x_wconf 88' lang='lat' dir='ltr'><strong>chilochi</strong></span> <span class='ocrx_word' id='word_1_5' title='bbox 592 320 742 382; x_wconf 84' lang='lat' dir='ltr'><strong>satis</strong></span> <span class='ocrx_word' id='word_1_6' title='bbox 789 339 967 398; x_wconf 88' lang='lat' dir='ltr'><strong>saepe</strong></span> <span class='ocrx_word' id='word_1_7' title='bbox 1011 326 1352 400; x_wconf 87' lang='lat' dir='ltr'><strong>uterentur,</strong></span> <span class='ocrx_word' id='word_1_8' title='bbox 1406 324 1636 386; x_wconf 88' lang='lat' dir='ltr'><strong>animos</strong></span> <span class='ocrx_word' id='word_1_9' title='bbox 1692 325 1821 387; x_wconf 89' lang='lat' dir='ltr'><strong>eius</strong></span> <span class='ocrx_word' id='word_1_10' title='bbox 1867 327 2195 390; x_wconf 79' lang='lat' dir='ltr'><strong>abdicasse.</strong></span> 
     </span>
     <span class='ocr_line' id='line_1_3' title="bbox 281 411 2195 493; baseline 0.003 -22"><span class='ocrx_word' id='word_1_11' title='bbox 281 412 439 471; x_wconf 84' lang='lat' dir='ltr'><strong>Nam</strong></span> <span class='ocrx_word' id='word_1_12' title='bbox 485 429 622 471; x_wconf 87' lang='lat' dir='ltr'><strong>cum</strong></span> <span class='ocrx_word' id='word_1_13' title='bbox 665 412 857 470; x_wconf 87' lang='lat' dir='ltr'><strong>multa</strong></span> <span class='ocrx_word' id='word_1_14' title='bbox 903 413 1110 471; x_wconf 84' lang='lat' dir='ltr'><strong>extent</strong></span> <span class='ocrx_word' id='word_1_15' title='bbox 1147 411 1411 472; x_wconf 86' lang='lat' dir='ltr'><strong>carmina</strong></span> <span class='ocrx_word' id='word_1_16' title='bbox 1431 413 1678 490; x_wconf 84' lang='lat' dir='ltr'><strong>Latina,</strong></span> <span class='ocrx_word' id='word_1_17' title='bbox 1723 415 1930 491; x_wconf 87' lang='lat' dir='ltr'><strong>isdem,</strong></span> <span class='ocrx_word' id='word_1_18' title='bbox 1976 417 2195 493; x_wconf 90' lang='lat' dir='ltr'><strong>quibus</strong></span> 
     </span>
     <span class='ocr_line' id='line_1_4' title="bbox 282 499 2198 580; baseline 0.004 -22"><span class='ocrx_word' id='word_1_19' title='bbox 282 499 523 560; x_wconf 76' lang='lat' dir='ltr'><strong>Horatii</strong></span> <span class='ocrx_word' id='word_1_20' title='bbox 578 499 774 576; x_wconf 76' lang='lat' dir='ltr'><strong>epoffi,</strong></span> <span class='ocrx_word' id='word_1_21' title='bbox 833 500 1160 574; x_wconf 82' lang='lat' dir='ltr'><strong>composita</strong></span> <span class='ocrx_word' id='word_1_22' title='bbox 1220 500 1458 577; x_wconf 87' lang='lat' dir='ltr'><strong>metris,</strong></span> <span class='ocrx_word' id='word_1_23' title='bbox 1520 501 1749 562; x_wconf 89' lang='lat' dir='ltr'><strong>animos</strong></span> <span class='ocrx_word' id='word_1_24' title='bbox 1814 505 2046 580; x_wconf 79' lang='lat' dir='ltr'>epodon</span> <span class='ocrx_word' id='word_1_25' title='bbox 2097 507 2198 566; x_wconf 85' lang='lat' dir='ltr'><strong>vel</strong></span> 
     </span>
     <span class='ocr_line' id='line_1_5' title="bbox 282 587 2197 665; baseline 0.004 -18"><span class='ocrx_word' id='word_1_26' title='bbox 282 589 622 665; x_wconf 85' lang='lat' dir='ltr'><strong>argumenti</strong></span> <span class='ocrx_word' id='word_1_27' title='bbox 657 587 1106 648; x_wconf 86' lang='lat' dir='ltr'><strong>similitudinem</strong></span> <span class='ocrx_word' id='word_1_28' title='bbox 1139 588 1242 649; x_wconf 82' lang='lat' dir='ltr'><strong>vix</strong></span> <span class='ocrx_word' id='word_1_29' title='bbox 1277 590 1580 650; x_wconf 85' lang='lat' dir='ltr'><strong>inveneris</strong></span> <span class='ocrx_word' id='word_1_30' title='bbox 1612 591 1732 651; x_wconf 89' lang='lat' dir='ltr'><strong>nisi</strong></span> <span class='ocrx_word' id='word_1_31' title='bbox 1765 591 1830 651; x_wconf 88' lang='lat' dir='ltr'><strong>in</strong></span> <span class='ocrx_word' id='word_1_32' title='bbox 1863 594 2197 655; x_wconf 75' lang='lat' dir='ltr'>catalecton</span> 
     </span>
     <span class='ocr_line' id='line_1_6' title="bbox 282 676 2196 756; baseline 0.005 -23"><span class='ocrx_word' id='word_1_33' title='bbox 282 676 540 754; x_wconf 79' lang='lat' dir='ltr'><strong>Vergilii</strong></span> <span class='ocrx_word' id='word_1_34' title='bbox 583 676 820 754; x_wconf 82' lang='lat' dir='ltr'><strong>quinto,</strong></span> <span class='ocrx_word' id='word_1_35' title='bbox 875 676 1034 752; x_wconf 85' lang='lat' dir='ltr'><strong>quod</strong></span> <span class='ocrx_word' id='word_1_36' title='bbox 1076 677 1320 754; x_wconf 86' lang='lat' dir='ltr'><strong>quidem</strong></span> <span class='ocrx_word' id='word_1_37' title='bbox 1364 678 1573 739; x_wconf 88' lang='lat' dir='ltr'><strong>eodem</strong></span> <span class='ocrx_word' id='word_1_38' title='bbox 1616 698 1732 756; x_wconf 88' lang='lat' dir='ltr'><strong>quo</strong></span> <span class='ocrx_word' id='word_1_39' title='bbox 1778 681 1998 755; x_wconf 87' lang='lat' dir='ltr'><strong>epodos</strong></span> <span class='ocrx_word' id='word_1_40' title='bbox 2044 686 2196 742; x_wconf 87' lang='lat' dir='ltr'><strong>tem-</strong></span> 
     </span>
     <span class='ocr_line' id='line_1_7' title="bbox 281 764 1993 844; baseline 0.002 -20"><span class='ocrx_word' id='word_1_41' title='bbox 281 783 429 841; x_wconf 89' lang='lat' dir='ltr'><strong>pore</strong></span> <span class='ocrx_word' id='word_1_42' title='bbox 470 768 534 826; x_wconf 85' lang='lat' dir='ltr'><strong>et</strong></span> <span class='ocrx_word' id='word_1_43' title='bbox 577 785 713 826; x_wconf 89' lang='lat' dir='ltr'><strong>cum</strong></span> <span class='ocrx_word' id='word_1_44' title='bbox 755 764 1091 826; x_wconf 77' lang='lat' dir='ltr'><strong>imitatione</strong></span> <span class='ocrx_word' id='word_1_45' title='bbox 1136 784 1344 826; x_wconf 90' lang='lat' dir='ltr'><strong>eorum</strong></span> <span class='ocrx_word' id='word_1_46' title='bbox 1389 766 1681 843; x_wconf 89' lang='lat' dir='ltr'><strong>scriptum</strong></span> <span class='ocrx_word' id='word_1_47' title='bbox 1724 773 1993 844; x_wconf 85' lang='lat' dir='ltr'><strong>apparet.</strong></span> 
     </span>
    </p>

    <p class='ocr_par' dir='ltr' id='par_1_3' title="bbox 280 854 2197 1194">
     <span class='ocr_line' id='line_1_8' title="bbox 416 854 2197 930; baseline 0.003 -17"><span class='ocrx_word' id='word_1_48' title='bbox 416 872 507 930; x_wconf 85' lang='lat' dir='ltr'><strong>ep.</strong></span> <span class='ocrx_word' id='word_1_49' title='bbox 547 857 603 915; x_wconf 83' lang='lat'><strong>2.</strong></span> <span class='ocrx_word' id='word_1_50' title='bbox 668 854 969 914; x_wconf 82' lang='lat' dir='ltr'><strong>Notabilis</strong></span> <span class='ocrx_word' id='word_1_51' title='bbox 1015 857 1078 914; x_wconf 87' lang='lat' dir='ltr'><strong>et</strong></span> <span class='ocrx_word' id='word_1_52' title='bbox 1122 858 1193 914; x_wconf 86' lang='lat' dir='ltr'><strong>ut</strong></span> <span class='ocrx_word' id='word_1_53' title='bbox 1236 854 1385 914; x_wconf 90' lang='lat' dir='ltr'><strong>mihi</strong></span> <span class='ocrx_word' id='word_1_54' title='bbox 1428 855 1669 916; x_wconf 84' lang='lat' dir='ltr'><strong>videtur</strong></span> <span class='ocrx_word' id='word_1_55' title='bbox 1711 875 1857 917; x_wconf 81' lang='lat' dir='ltr'><strong>vera</strong></span> <span class='ocrx_word' id='word_1_56' title='bbox 1898 859 2197 919; x_wconf 86' lang='lat' dir='ltr'><strong>sententia</strong></span> 
     </span>
     <span class='ocr_line' id='line_1_9' title="bbox 283 941 2197 1021; baseline 0.003 -20"><span class='ocrx_word' id='word_1_57' title='bbox 283 941 357 1002; x_wconf 89' lang='lat' dir='ltr'><strong>de</strong></span> <span class='ocrx_word' id='word_1_58' title='bbox 384 943 495 1002; x_wconf 89' lang='lat' dir='ltr'><strong>hoc</strong></span> <span class='ocrx_word' id='word_1_59' title='bbox 521 943 782 1003; x_wconf 80' lang='lat' dir='ltr'><strong>carmine</strong></span> <span class='ocrx_word' id='word_1_60' title='bbox 809 944 1046 1019; x_wconf 87' lang='lat' dir='ltr'><strong>prolata</strong></span> <span class='ocrx_word' id='word_1_61' title='bbox 1073 961 1110 1002; x_wconf 91' lang='lat' dir='ltr'><strong>a</strong></span> <span class='ocrx_word' id='word_1_62' title='bbox 1134 943 1520 1004; x_wconf 84' lang='lat' dir='ltr'><strong>Lachmanno</strong></span> <span class='ocrx_word' id='word_1_63' title='bbox 1549 963 1640 1021; x_wconf 88' lang='lat' dir='ltr'><strong>ep.</strong></span> <span class='ocrx_word' id='word_1_64' title='bbox 1669 945 1746 1005; x_wconf 82' lang='lat' dir='ltr'><strong>ad</strong></span> <span class='ocrx_word' id='word_1_65' title='bbox 1775 945 1838 1005; x_wconf 83' lang='lat' dir='ltr'><strong>O.</strong></span> <span class='ocrx_word' id='word_1_66' title='bbox 1866 946 2197 1006; x_wconf 85' lang='lat' dir='ltr'><strong>Frankium</strong></span> 
     </span>
     <span class='ocr_line' id='line_1_10' title="bbox 280 1029 2197 1112; baseline 0.004 -23"><span class='ocrx_word' id='word_1_67' title='bbox 280 1049 380 1106; x_wconf 86' lang='lat' dir='ltr'><strong>pg.</strong></span> <span class='ocrx_word' id='word_1_68' title='bbox 430 1032 557 1090; x_wconf 86' lang='lat'><strong>236</strong></span> <span class='ocrx_word' id='word_1_69' title='bbox 606 1050 693 1107; x_wconf 86' lang='lat' dir='ltr'><strong>sq.</strong></span> <span class='ocrx_word' id='word_1_70' title='bbox 784 1029 1065 1090; x_wconf 86' lang='lat' dir='ltr'><strong>Ceterum</strong></span> <span class='ocrx_word' id='word_1_71' title='bbox 1120 1036 1372 1107; x_wconf 89' lang='lat' dir='ltr'><strong>apparet</strong></span> <span class='ocrx_word' id='word_1_72' title='bbox 1423 1034 1684 1108; x_wconf 87' lang='lat' dir='ltr'><strong>pendere</strong></span> <span class='ocrx_word' id='word_1_73' title='bbox 1739 1035 1896 1095; x_wconf 85' lang='lat' dir='ltr'><strong>hunc</strong></span> <span class='ocrx_word' id='word_1_74' title='bbox 1940 1036 2197 1112; x_wconf 86' lang='lat' dir='ltr'><strong>epodum</strong></span> 
     </span>
     <span class='ocr_line' id='line_1_11' title="bbox 282 1118 956 1194; baseline 0.004 -18"><span class='ocrx_word' id='word_1_75' title='bbox 282 1136 320 1176; x_wconf 88' lang='lat' dir='ltr'><strong>a</strong></span> <span class='ocrx_word' id='word_1_76' title='bbox 363 1118 774 1194; x_wconf 89' lang='lat' dir='ltr'><strong>praecedentis</strong></span> <span class='ocrx_word' id='word_1_77' title='bbox 819 1118 956 1179; x_wconf 89' lang='lat' dir='ltr'><strong>fine.</strong></span> 
     </span>
    </p>

    <p class='ocr_par' dir='ltr' id='par_1_4' title="bbox 281 1207 2200 1637">
     <span class='ocr_line' id='line_1_12' title="bbox 418 1207 2194 1283; baseline 0.004 -18"><span class='ocrx_word' id='word_1_78' title='bbox 418 1225 508 1282; x_wconf 91' lang='lat' dir='ltr'><strong>ep.</strong></span> <span class='ocrx_word' id='word_1_79' title='bbox 558 1209 615 1281; x_wconf 92' lang='grc'><strong>2,</strong></span> <span class='ocrx_word' id='word_1_80' title='bbox 662 1208 744 1266; x_wconf 85' lang='grc'><strong>27</strong></span> <span class='ocrx_word' id='word_1_81' title='bbox 791 1209 1082 1281; x_wconf 75' lang='lat' dir='ltr'><strong>fontesque</strong></span> <span class='ocrx_word' id='word_1_82' title='bbox 1135 1207 1382 1281; x_wconf 75' lang='lat' dir='ltr'><strong>lymphis</strong></span> <span class='ocrx_word' id='word_1_83' title='bbox 1395 1251 1412 1271; x_wconf 88' lang='lat'><strong>.</strong></span> <span class='ocrx_word' id='word_1_84' title='bbox 1436 1211 1765 1283; x_wconf 73' lang='lat' dir='ltr'><strong>obstrepunt</strong></span> <span class='ocrx_word' id='word_1_85' title='bbox 1805 1213 2194 1272; x_wconf 75' lang='lat' dir='ltr'><strong>manantibus,</strong></span> 
     </span>
     <span class='ocr_line' id='line_1_13' title="bbox 282 1294 2197 1375; baseline 0.003 -22"><span class='ocrx_word' id='word_1_86' title='bbox 282 1294 427 1357; x_wconf 82' lang='lat' dir='ltr'><strong>Fuit</strong></span> <span class='ocrx_word' id='word_1_87' title='bbox 477 1295 581 1371; x_wconf 89' lang='lat' dir='ltr'><strong>qui</strong></span> <span class='ocrx_word' id='word_1_88' title='bbox 632 1296 779 1355; x_wconf 87' lang='lat' dir='ltr'><strong>haec</strong></span> <span class='ocrx_word' id='word_1_89' title='bbox 825 1294 1052 1354; x_wconf 85' lang='lat' dir='ltr'><strong>diceret</strong></span> <span class='ocrx_word' id='word_1_90' title='bbox 1096 1298 1405 1371; x_wconf 84' lang='lat' dir='ltr'><strong>corrupta,</strong></span> <span class='ocrx_word' id='word_1_91' title='bbox 1463 1297 1569 1356; x_wconf 84' lang='lat' dir='ltr'><strong>sed</strong></span> <span class='ocrx_word' id='word_1_92' title='bbox 1627 1298 1835 1357; x_wconf 87' lang='lat' dir='ltr'><strong>eadem</strong></span> <span class='ocrx_word' id='word_1_93' title='bbox 1890 1317 2042 1375; x_wconf 87' lang='lat' dir='ltr'><strong>quae</strong></span> <span class='ocrx_word' id='word_1_94' title='bbox 2087 1317 2197 1360; x_wconf 91' lang='lat' dir='ltr'><strong>nos</strong></span> 
     </span>
     <span class='ocr_line' id='line_1_14' title="bbox 282 1381 2198 1461; baseline 0.002 -17"><span class='ocrx_word' id='word_1_95' title='bbox 282 1384 520 1444; x_wconf 84' lang='lat' dir='ltr'><strong>videtur</strong></span> <span class='ocrx_word' id='word_1_96' title='bbox 574 1383 796 1460; x_wconf 84' lang='lat' dir='ltr'><strong>legisse</strong></span> <span class='ocrx_word' id='word_1_97' title='bbox 847 1383 1038 1446; x_wconf 82' lang='lat' dir='ltr'><strong>falsus</strong></span> <span class='ocrx_word' id='word_1_98' title='bbox 1086 1381 1472 1461; x_wconf 77' lang='lat' dir='ltr'><strong>CensorinuS,</strong></span> <span class='ocrx_word' id='word_1_99' title='bbox 1529 1384 1633 1460; x_wconf 88' lang='lat' dir='ltr'><strong>qui</strong></span> <span class='ocrx_word' id='word_1_100' title='bbox 1686 1386 1797 1446; x_wconf 91' lang='lat' dir='ltr'><strong>hoc</strong></span> <span class='ocrx_word' id='word_1_101' title='bbox 1842 1385 2020 1446; x_wconf 86' lang='lat' dir='ltr'><strong>affert</strong></span> <span class='ocrx_word' id='word_1_102' title='bbox 2064 1387 2198 1447; x_wconf 87' lang='lat' dir='ltr'><strong>cho-</strong></span> 
     </span>
     <span class='ocr_line' id='line_1_15' title="bbox 281 1471 2200 1551; baseline 0.003 -20"><span class='ocrx_word' id='word_1_103' title='bbox 281 1471 491 1532; x_wconf 87' lang='lat' dir='ltr'><strong>liambi</strong></span> <span class='ocrx_word' id='word_1_104' title='bbox 545 1473 882 1548; x_wconf 88' lang='lat' dir='ltr'><strong>exemplum</strong></span> <span class='ocrx_word' id='word_1_105' title='bbox 935 1472 1012 1531; x_wconf 89' lang='lat' dir='ltr'><strong>ab</strong></span> <span class='ocrx_word' id='word_1_106' title='bbox 1066 1471 1198 1547; x_wconf 86' lang='lat' dir='ltr'><strong>ipso</strong></span> <span class='ocrx_word' id='word_1_107' title='bbox 1257 1475 1405 1548; x_wconf 90' lang='lat' dir='ltr'><strong>puto</strong></span> <span class='ocrx_word' id='word_1_108' title='bbox 1461 1473 1668 1532; x_wconf 89' lang='lat' dir='ltr'><strong>fictum</strong></span> <span class='ocrx_word' id='word_1_109' title='bbox 1722 1474 2084 1551; x_wconf 88' lang='lat' dir='ltr'><strong>ductumque</strong></span> <span class='ocrx_word' id='word_1_110' title='bbox 2129 1478 2200 1536; x_wconf 85' lang='lat' dir='ltr'><strong>ut</strong></span> 
     </span>
     <span class='ocr_line' id='line_1_16' title="bbox 284 1558 1289 1637; baseline -0.002 -17"><span class='ocrx_word' id='word_1_111' title='bbox 284 1563 404 1620; x_wconf 83' lang='lat' dir='ltr'><strong>alia</strong></span> <span class='ocrx_word' id='word_1_112' title='bbox 449 1578 520 1621; x_wconf 88' lang='lat' dir='ltr'><strong>ex</strong></span> <span class='ocrx_word' id='word_1_113' title='bbox 564 1559 708 1621; x_wconf 91' lang='lat' dir='ltr'><strong>Hor.</strong></span> <span class='ocrx_word' id='word_1_114' title='bbox 759 1558 884 1637; x_wconf 89' lang='lat' dir='ltr'><strong>[pg.</strong></span> <span class='ocrx_word' id='word_1_115' title='bbox 933 1560 1016 1619; x_wconf 85' lang='lat'><strong>95</strong></span> <span class='ocrx_word' id='word_1_116' title='bbox 1062 1558 1289 1637; x_wconf 89' lang='lat' dir='ltr'><strong>Iahn.]:</strong></span> 
     </span>
    </p>

    <p class='ocr_par' dir='ltr' id='par_1_5' title="bbox 620 1649 1869 1721">
     <span class='ocr_line' id='line_1_17' title="bbox 620 1649 1869 1721; baseline 0.002 -17"><span class='ocrx_word' id='word_1_117' title='bbox 620 1649 1044 1718; x_wconf 86' lang='lat' dir='ltr'><strong>calentibusque</strong></span> <span class='ocrx_word' id='word_1_118' title='bbox 1080 1650 1314 1720; x_wconf 76' lang='lat' dir='ltr'><strong>lympha</strong></span> <span class='ocrx_word' id='word_1_119' title='bbox 1349 1650 1598 1705; x_wconf 86' lang='lat' dir='ltr'><strong>fontibus</strong></span> <span class='ocrx_word' id='word_1_120' title='bbox 1637 1666 1869 1721; x_wconf 84' lang='lat' dir='ltr'><strong>semper.</strong></span> 
     </span>
    </p>
   </div>
   <div class='ocr_carea' id='block_1_3' title="bbox 282 1746 2201 3242">
    <p class='ocr_par' dir='ltr' id='par_1_6' title="bbox 282 1746 2199 1914">
     <span class='ocr_line' id='line_1_18' title="bbox 282 1746 2199 1830; baseline 0.002 -22"><span class='ocrx_word' id='word_1_121' title='bbox 282 1749 409 1808; x_wconf 86' lang='lat' dir='ltr'><strong>Nee</strong></span> <span class='ocrx_word' id='word_1_122' title='bbox 455 1767 597 1808; x_wconf 90' lang='lat' dir='ltr'><strong>sane</strong></span> <span class='ocrx_word' id='word_1_123' title='bbox 631 1748 806 1809; x_wconf 85' lang='lat' dir='ltr'><strong>video</strong></span> <span class='ocrx_word' id='word_1_124' title='bbox 854 1766 960 1807; x_wconf 89' lang='lat' dir='ltr'><strong>cur</strong></span> <span class='ocrx_word' id='word_1_125' title='bbox 1001 1748 1361 1823; x_wconf 82' lang='lat' dir='ltr'><strong>recipiamus</strong></span> <span class='ocrx_word' id='word_1_126' title='bbox 1400 1747 1803 1808; x_wconf 89' lang='lat' dir='ltr'><strong>coniecturam</strong></span> <span class='ocrx_word' id='word_1_127' title='bbox 1840 1746 2199 1830; x_wconf 85' lang='lat' dir='ltr'><strong>Marklandi,</strong></span> 
     </span>
     <span class='ocr_line' id='line_1_19' title="bbox 282 1836 1551 1914; baseline -0.001 -17"><span class='ocrx_word' id='word_1_128' title='bbox 282 1837 652 1914; x_wconf 82' lang='lat' dir='ltr'><strong>ingeniosam</strong></span> <span class='ocrx_word' id='word_1_129' title='bbox 696 1836 937 1912; x_wconf 86' lang='lat' dir='ltr'><strong>quidem</strong></span> <span class='ocrx_word' id='word_1_130' title='bbox 980 1836 1146 1895; x_wconf 85' lang='lat' dir='ltr'><strong>illam</strong></span> <span class='ocrx_word' id='word_1_131' title='bbox 1193 1837 1551 1910; x_wconf 77' lang='lat' dir='ltr'><strong>frondesque.</strong></span> 
     </span>
    </p>

    <p class='ocr_par' dir='ltr' id='par_1_7' title="bbox 284 1925 2201 2530">
     <span class='ocr_line' id='line_1_20' title="bbox 421 1925 2201 2002; baseline 0.002 -17"><span class='ocrx_word' id='word_1_132' title='bbox 421 1928 478 2000; x_wconf 87' lang='grc'><strong>2,</strong></span> <span class='ocrx_word' id='word_1_133' title='bbox 516 1927 618 2002; x_wconf 86' lang='grc'><strong>37,</strong></span> <span class='ocrx_word' id='word_1_134' title='bbox 659 1926 740 1985; x_wconf 87' lang='grc'><strong>38</strong></span> <span class='ocrx_word' id='word_1_135' title='bbox 789 1926 918 1998; x_wconf 80' lang='lat' dir='ltr'><strong>quis</strong></span> <span class='ocrx_word' id='word_1_136' title='bbox 959 1940 1077 1983; x_wconf 87' lang='lat' dir='ltr'><strong>non</strong></span> <span class='ocrx_word' id='word_1_137' title='bbox 1109 1925 1407 1983; x_wconf 82' lang='lat' dir='ltr'><strong>malarum</strong></span> <span class='ocrx_word' id='word_1_138' title='bbox 1441 1941 1587 1997; x_wconf 82' lang='lat' dir='ltr'><strong>quas</strong></span> <span class='ocrx_word' id='word_1_139' title='bbox 1622 1942 1787 1985; x_wconf 85' lang='lat' dir='ltr'><strong>amor</strong></span> <span class='ocrx_word' id='word_1_140' title='bbox 1825 1943 1999 1988; x_wconf 79' lang='lat' dir='ltr'><strong>curas</strong></span> <span class='ocrx_word' id='word_1_141' title='bbox 2033 1927 2201 1989; x_wconf 76' lang='lat' dir='ltr'><strong>habet</strong></span> 
     </span>
     <span class='ocr_line' id='line_1_21' title="bbox 284 2008 2198 2075; baseline 0.002 -3"><span class='ocrx_word' id='word_1_142' title='bbox 284 2014 423 2073; x_wconf 82' lang='lat' dir='ltr'><strong>haec</strong></span> <span class='ocrx_word' id='word_1_143' title='bbox 473 2015 625 2071; x_wconf 76' lang='lat' dir='ltr'><strong>inter</strong></span> <span class='ocrx_word' id='word_1_144' title='bbox 678 2012 1045 2071; x_wconf 69' lang='lat' dir='ltr'><strong>obliviscitum.</strong></span> <span class='ocrx_word' id='word_1_145' title='bbox 1134 2008 1346 2070; x_wconf 82' lang='lat' dir='ltr'><strong>Amori</strong></span> <span class='ocrx_word' id='word_1_146' title='bbox 1397 2011 1599 2069; x_wconf 89' lang='lat' dir='ltr'><strong>nullus</strong></span> <span class='ocrx_word' id='word_1_147' title='bbox 1645 2012 1808 2071; x_wconf 89' lang='lat' dir='ltr'><strong>locus</strong></span> <span class='ocrx_word' id='word_1_148' title='bbox 1853 2014 1916 2072; x_wconf 89' lang='lat' dir='ltr'><strong>in</strong></span> <span class='ocrx_word' id='word_1_149' title='bbox 1962 2015 2198 2075; x_wconf 89' lang='lat' dir='ltr'><strong>homine</strong></span> 
     </span>
     <span class='ocr_line' id='line_1_22' title="bbox 285 2098 2197 2177; baseline 0.002 -17"><span class='ocrx_word' id='word_1_150' title='bbox 285 2101 662 2160; x_wconf 87' lang='lat' dir='ltr'><strong>faeneratore</strong></span> <span class='ocrx_word' id='word_1_151' title='bbox 708 2099 936 2174; x_wconf 89' lang='lat' dir='ltr'><strong>solique</strong></span> <span class='ocrx_word' id='word_1_152' title='bbox 996 2098 1284 2174; x_wconf 88' lang='lat' dir='ltr'><strong>pecuniae</strong></span> <span class='ocrx_word' id='word_1_153' title='bbox 1339 2098 1566 2174; x_wconf 81' lang='lat' dir='ltr'><strong>dedit03</strong></span> <span class='ocrx_word' id='word_1_154' title='bbox 1624 2101 1686 2174; x_wconf 86' lang='lat' dir='ltr'><strong>et</strong></span> <span class='ocrx_word' id='word_1_155' title='bbox 1738 2116 1814 2159; x_wconf 94' lang='lat' dir='ltr'><strong>ne</strong></span> <span class='ocrx_word' id='word_1_156' title='bbox 1870 2100 2197 2177; x_wconf 86' lang='lat' dir='ltr'><strong>coniugalis</strong></span> 
     </span>
     <span class='ocr_line' id='line_1_23' title="bbox 286 2186 2198 2266; baseline 0 -18"><span class='ocrx_word' id='word_1_157' title='bbox 286 2187 527 2265; x_wconf 87' lang='lat' dir='ltr'><strong>quidem</strong></span> <span class='ocrx_word' id='word_1_158' title='bbox 561 2187 821 2248; x_wconf 87' lang='lat' dir='ltr'><strong>foederis</strong></span> <span class='ocrx_word' id='word_1_159' title='bbox 858 2187 970 2246; x_wconf 91' lang='lat' dir='ltr'><strong>hoc</strong></span> <span class='ocrx_word' id='word_1_160' title='bbox 1005 2187 1179 2246; x_wconf 87' lang='lat' dir='ltr'><strong>modo</strong></span> <span class='ocrx_word' id='word_1_161' title='bbox 1215 2186 1483 2262; x_wconf 84' lang='lat' dir='ltr'><strong>potuisse</strong></span> <span class='ocrx_word' id='word_1_162' title='bbox 1519 2186 1651 2245; x_wconf 86' lang='lat' dir='ltr'><strong>fieri</strong></span> <span class='ocrx_word' id='word_1_163' title='bbox 1690 2188 2054 2248; x_wconf 87' lang='lat' dir='ltr'><strong>mentionem</strong></span> <span class='ocrx_word' id='word_1_164' title='bbox 2099 2208 2198 2266; x_wconf 84' lang='lat' dir='ltr'><strong>ap-</strong></span> 
     </span>
     <span class='ocr_line' id='line_1_24' title="bbox 284 2274 2200 2355; baseline 0.001 -17"><span class='ocrx_word' id='word_1_165' title='bbox 284 2280 457 2355; x_wconf 89' lang='lat' dir='ltr'><strong>paret</strong></span> <span class='ocrx_word' id='word_1_166' title='bbox 503 2295 575 2337; x_wconf 81' lang='lat' dir='ltr'><strong>ex</strong></span> <span class='ocrx_word' id='word_1_167' title='bbox 621 2274 1027 2353; x_wconf 86' lang='lat' dir='ltr'><strong>sequentibus.</strong></span> <span class='ocrx_word' id='word_1_168' title='bbox 1118 2275 1401 2335; x_wconf 87' lang='lat' dir='ltr'><strong>Fortasse</strong></span> <span class='ocrx_word' id='word_1_169' title='bbox 1447 2275 1825 2335; x_wconf 87' lang='lat' dir='ltr'><strong>scribendum</strong></span> <span class='ocrx_word' id='word_1_170' title='bbox 1868 2294 2016 2351; x_wconf 79' lang='lat' dir='ltr'><strong>quas</strong></span> <span class='ocrx_word' id='word_1_171' title='bbox 2061 2296 2200 2354; x_wconf 72' lang='lat' dir='ltr'><strong>aqer</strong></span> 
     </span>
     <span class='ocr_line' id='line_1_25' title="bbox 285 2363 2199 2443; baseline 0.001 -16"><span class='ocrx_word' id='word_1_172' title='bbox 285 2384 461 2427; x_wconf 75' lang='lat' dir='ltr'><strong>curas</strong></span> <span class='ocrx_word' id='word_1_173' title='bbox 521 2367 711 2433; x_wconf 77' lang='lat' dir='ltr'><strong>habet,</strong></span> <span class='ocrx_word' id='word_1_174' title='bbox 776 2368 845 2425; x_wconf 88' lang='lat' dir='ltr'><strong>ut</strong></span> <span class='ocrx_word' id='word_1_175' title='bbox 904 2381 1043 2440; x_wconf 58' lang='grc' dir='ltr'><strong>αμα·</strong></span> <span class='ocrx_word' id='word_1_176' title='bbox 1099 2364 1409 2424; x_wconf 85' lang='lat' dir='ltr'><strong>collective</strong></span> <span class='ocrx_word' id='word_1_177' title='bbox 1466 2363 1548 2423; x_wconf 88' lang='lat' dir='ltr'><strong>sit</strong></span> <span class='ocrx_word' id='word_1_178' title='bbox 1602 2363 1823 2442; x_wconf 73' lang='lat' dir='ltr'><strong>(fietne,</strong></span> <span class='ocrx_word' id='word_1_179' title='bbox 1868 2367 1951 2424; x_wconf 88' lang='lat' dir='ltr'><strong>-ut</strong></span> <span class='ocrx_word' id='word_1_180' title='bbox 2003 2383 2199 2443; x_wconf 85' lang='lat' dir='ltr'><strong>saepe.</strong></span> 
     </span>
     <span class='ocr_line' id='line_1_26' title="bbox 285 2452 2074 2530; baseline 0 -16"><span class='ocrx_word' id='word_1_181' title='bbox 285 2455 444 2514; x_wconf 86' lang='lat' dir='ltr'><strong>Nam</strong></span> <span class='ocrx_word' id='word_1_182' title='bbox 488 2454 725 2514; x_wconf 89' lang='lat' dir='ltr'><strong>labores</strong></span> <span class='ocrx_word' id='word_1_183' title='bbox 772 2456 835 2513; x_wconf 89' lang='lat' dir='ltr'><strong>et</strong></span> <span class='ocrx_word' id='word_1_184' title='bbox 879 2470 1051 2513; x_wconf 88' lang='lat' dir='ltr'><strong>curas</strong></span> <span class='ocrx_word' id='word_1_185' title='bbox 1096 2452 1262 2512; x_wconf 81' lang='lat' dir='ltr'><strong>vitae</strong></span> <span class='ocrx_word' id='word_1_186' title='bbox 1305 2453 1567 2511; x_wconf 87' lang='lat' dir='ltr'><strong>rusticae</strong></span> <span class='ocrx_word' id='word_1_187' title='bbox 1613 2452 1747 2529; x_wconf 87' lang='lat' dir='ltr'><strong>quis</strong></span> <span class='ocrx_word' id='word_1_188' title='bbox 1792 2453 2074 2530; x_wconf 77' lang='lat' dir='ltr'><strong>ignorat?</strong></span> 
     </span>
    </p>

    <p class='ocr_par' dir='ltr' id='par_1_8' title="bbox 421 2540 1879 2620">
     <span class='ocr_line' id='line_1_27' title="bbox 421 2540 1879 2620; baseline 0 -17"><span class='ocrx_word' id='word_1_189' title='bbox 421 2545 480 2620; x_wconf 86' lang='lat'><strong>3,</strong></span> <span class='ocrx_word' id='word_1_190' title='bbox 532 2546 610 2602; x_wconf 83' lang='lat'><strong>16</strong></span> <span class='ocrx_word' id='word_1_191' title='bbox 657 2541 931 2617; x_wconf 77' lang='lat' dir='ltr'><strong>Apuliae,</strong></span> <span class='ocrx_word' id='word_1_192' title='bbox 978 2542 1050 2601; x_wconf 86' lang='lat' dir='ltr'><strong>cf.</strong></span> <span class='ocrx_word' id='word_1_193' title='bbox 1096 2558 1304 2601; x_wconf 90' lang='lat' dir='ltr'><strong>comm.</strong></span> <span class='ocrx_word' id='word_1_194' title='bbox 1351 2540 1539 2601; x_wconf 88' lang='lat' dir='ltr'><strong>Lucil.</strong></span> <span class='ocrx_word' id='word_1_195' title='bbox 1585 2560 1683 2617; x_wconf 88' lang='lat' dir='ltr'><strong>pg.</strong></span> <span class='ocrx_word' id='word_1_196' title='bbox 1729 2542 1879 2603; x_wconf 85' lang='lat'><strong>259.</strong></span> 
     </span>
    </p>

    <p class='ocr_par' dir='ltr' id='par_1_9' title="bbox 421 2629 1736 2708">
     <span class='ocr_line' id='line_1_28' title="bbox 421 2629 1736 2708; baseline -0.001 -17"><span class='ocrx_word' id='word_1_197' title='bbox 421 2632 480 2708; x_wconf 76' lang='lat'><strong>5,</strong></span> <span class='ocrx_word' id='word_1_198' title='bbox 530 2633 610 2690; x_wconf 92' lang='grc'><strong>28</strong></span> <span class='ocrx_word' id='word_1_199' title='bbox 658 2630 933 2691; x_wconf 77' lang='lat' dir='ltr'><strong>Laurens</strong></span> <span class='ocrx_word' id='word_1_200' title='bbox 976 2629 1280 2706; x_wconf 75' lang='lat' dir='ltr'><strong>HeinsiuS,</strong></span> <span class='ocrx_word' id='word_1_201' title='bbox 1327 2639 1564 2690; x_wconf 81' lang='lat' dir='ltr'><strong>currens</strong></span> <span class='ocrx_word' id='word_1_202' title='bbox 1608 2629 1736 2690; x_wconf 87' lang='lat' dir='ltr'><strong>cdd.</strong></span> 
     </span>
    </p>

    <p class='ocr_par' dir='ltr' id='par_1_10' title="bbox 283 2719 2200 3242">
     <span class='ocr_line' id='line_1_29' title="bbox 422 2719 2199 2797; baseline 0.001 -19"><span class='ocrx_word' id='word_1_203' title='bbox 422 2720 480 2797; x_wconf 87' lang='lat'><strong>5,</strong></span> <span class='ocrx_word' id='word_1_204' title='bbox 530 2721 608 2778; x_wconf 87' lang='grc'><strong>69</strong></span> <span class='ocrx_word' id='word_1_205' title='bbox 655 2720 931 2779; x_wconf 64' lang='lat' dir='ltr'><strong>Mormit</strong></span> <span class='ocrx_word' id='word_1_206' title='bbox 969 2721 1158 2778; x_wconf 81' lang='lat' dir='ltr'><strong>umetis</strong></span> <span class='ocrx_word' id='word_1_207' title='bbox 1193 2720 1450 2779; x_wconf 75' lang='lat' dir='ltr'><strong>omnium</strong></span> <span class='ocrx_word' id='word_1_208' title='bbox 1486 2719 1782 2779; x_wconf 55' lang='lat' dir='ltr'><strong>cubilibus</strong></span> <span class='ocrx_word' id='word_1_209' title='bbox 1851 2719 2028 2779; x_wconf 91' lang='lat' dir='ltr'><strong>Hunc</strong></span> <span class='ocrx_word' id='word_1_210' title='bbox 2064 2739 2199 2780; x_wconf 87' lang='lat' dir='ltr'><strong>ver-</strong></span> 
     </span>
     <span class='ocr_line' id='line_1_30' title="bbox 288 2805 2198 2887; baseline 0 -19"><span class='ocrx_word' id='word_1_211' title='bbox 288 2826 422 2868; x_wconf 88' lang='lat' dir='ltr'><strong>sum</strong></span> <span class='ocrx_word' id='word_1_212' title='bbox 456 2808 620 2867; x_wconf 90' lang='lat' dir='ltr'><strong>recte</strong></span> <span class='ocrx_word' id='word_1_213' title='bbox 655 2811 858 2869; x_wconf 89' lang='lat' dir='ltr'><strong>monet</strong></span> <span class='ocrx_word' id='word_1_214' title='bbox 883 2806 1161 2867; x_wconf 87' lang='lat' dir='ltr'><strong>Kellerus</strong></span> <span class='ocrx_word' id='word_1_215' title='bbox 1191 2808 1576 2867; x_wconf 84' lang='lat' dir='ltr'><strong>obversatum</strong></span> <span class='ocrx_word' id='word_1_216' title='bbox 1604 2824 1737 2866; x_wconf 89' lang='lat' dir='ltr'><strong>esse</strong></span> <span class='ocrx_word' id='word_1_217' title='bbox 1764 2805 1957 2867; x_wconf 89' lang='lat' dir='ltr'><strong>Mario</strong></span> <span class='ocrx_word' id='word_1_218' title='bbox 1984 2807 2198 2887; x_wconf 86' lang='lat' dir='ltr'><strong>Plotio,</strong></span> 
     </span>
     <span class='ocr_line' id='line_1_31' title="bbox 287 2894 2199 2973; baseline 0.001 -18"><span class='ocrx_word' id='word_1_219' title='bbox 287 2897 392 2973; x_wconf 90' lang='lat' dir='ltr'><strong>qui</strong></span> <span class='ocrx_word' id='word_1_220' title='bbox 418 2899 489 2956; x_wconf 89' lang='lat' dir='ltr'><strong>ut</strong></span> <span class='ocrx_word' id='word_1_221' title='bbox 514 2897 703 2956; x_wconf 87' lang='lat' dir='ltr'><strong>falsus</strong></span> <span class='ocrx_word' id='word_1_222' title='bbox 732 2896 975 2956; x_wconf 83' lang='lat' dir='ltr'><strong>Servius</strong></span> <span class='ocrx_word' id='word_1_223' title='bbox 1003 2895 1312 2972; x_wconf 86' lang='lat' dir='ltr'><strong>falsusque</strong></span> <span class='ocrx_word' id='word_1_224' title='bbox 1341 2894 1703 2955; x_wconf 86' lang='lat' dir='ltr'><strong>Censorinus</strong></span> <span class='ocrx_word' id='word_1_225' title='bbox 1740 2895 1961 2972; x_wconf 89' lang='lat' dir='ltr'><strong>aliique</strong></span> <span class='ocrx_word' id='word_1_226' title='bbox 2002 2915 2199 2973; x_wconf 88' lang='lat' dir='ltr'><strong>gram-</strong></span> 
     </span>
     <span class='ocr_line' id='line_1_32' title="bbox 283 2979 2199 3062; baseline 0.001 -18"><span class='ocrx_word' id='word_1_227' title='bbox 283 2979 490 3045; x_wconf 79' lang='lat' dir='ltr'><strong>&#39;matici</strong></span> <span class='ocrx_word' id='word_1_228' title='bbox 537 3002 714 3061; x_wconf 87' lang='lat' dir='ltr'><strong>saepe</strong></span> <span class='ocrx_word' id='word_1_229' title='bbox 760 2984 1032 3059; x_wconf 82' lang='lat' dir='ltr'><strong>exempla</strong></span> <span class='ocrx_word' id='word_1_230' title='bbox 1065 2986 1395 3044; x_wconf 89' lang='lat' dir='ltr'><strong>metrorum</strong></span> <span class='ocrx_word' id='word_1_231' title='bbox 1431 3002 1503 3043; x_wconf 82' lang='lat' dir='ltr'><strong>ex</strong></span> <span class='ocrx_word' id='word_1_232' title='bbox 1540 2983 1886 3062; x_wconf 84' lang='lat' dir='ltr'><strong>Horatianis</strong></span> <span class='ocrx_word' id='word_1_233' title='bbox 1922 2985 2199 3045; x_wconf 85' lang='lat' dir='ltr'><strong>versibus</strong></span> 
     </span>
     <span class='ocr_line' id='line_1_33' title="bbox 285 3071 2200 3151; baseline -0.001 -18"><span class='ocrx_word' id='word_1_234' title='bbox 285 3073 559 3151; x_wconf 89' lang='lat' dir='ltr'><strong>proprios</strong></span> <span class='ocrx_word' id='word_1_235' title='bbox 608 3073 672 3132; x_wconf 89' lang='lat' dir='ltr'><strong>in</strong></span> <span class='ocrx_word' id='word_1_236' title='bbox 716 3091 861 3133; x_wconf 88' lang='lat' dir='ltr'><strong>usus</strong></span> <span class='ocrx_word' id='word_1_237' title='bbox 900 3072 1153 3132; x_wconf 88' lang='lat' dir='ltr'><strong>detortis</strong></span> <span class='ocrx_word' id='word_1_238' title='bbox 1189 3074 1420 3148; x_wconf 88' lang='lat' dir='ltr'><strong>petunt.</strong></span> <span class='ocrx_word' id='word_1_239' title='bbox 1493 3072 1654 3131; x_wconf 87' lang='lat' dir='ltr'><strong>Nam</strong></span> <span class='ocrx_word' id='word_1_240' title='bbox 1689 3071 2011 3147; x_wconf 89' lang='lat' dir='ltr'><strong>septenarii</strong></span> <span class='ocrx_word' id='word_1_241' title='bbox 2054 3073 2200 3133; x_wconf 86' lang='lat' dir='ltr'><strong>iam-</strong></span> 
     </span>
     <span class='ocr_line' id='line_1_34' title="bbox 286 3157 1704 3242; baseline -0.001 -21"><span class='ocrx_word' id='word_1_242' title='bbox 286 3162 401 3222; x_wconf 89' lang='lat' dir='ltr'><strong>bici</strong></span> <span class='ocrx_word' id='word_1_243' title='bbox 448 3161 772 3239; x_wconf 87' lang='lat' dir='ltr'><strong>specimina</strong></span> <span class='ocrx_word' id='word_1_244' title='bbox 813 3161 985 3238; x_wconf 88' lang='lat' dir='ltr'><strong>ponit</strong></span> <span class='ocrx_word' id='word_1_245' title='bbox 1028 3161 1175 3220; x_wconf 81' lang='lat' dir='ltr'><strong>haec</strong></span> <span class='ocrx_word' id='word_1_246' title='bbox 1225 3158 1348 3242; x_wconf 68' lang='lat' dir='ltr'><strong>[pg.</strong></span> <span class='ocrx_word' id='word_1_247' title='bbox 1400 3162 1527 3220; x_wconf 84' lang='grc'><strong>274</strong></span> <span class='ocrx_word' id='word_1_248' title='bbox 1576 3157 1704 3236; x_wconf 77' lang='lat' dir='ltr'><strong>G.]:</strong></span> 
     </span>
    </p>
   </div>
   <div class='ocr_carea' id='block_1_4' title="bbox 425 3257 2053 3399">
    <p class='ocr_par' dir='ltr' id='par_1_11' title="bbox 425 3257 2053 3399">
     <span class='ocr_line' id='line_1_35' title="bbox 428 3257 2053 3327; baseline 0.001 -13"><span class='ocrx_word' id='word_1_249' title='bbox 428 3259 635 3324; x_wconf 75' lang='grc' dir='ltr'>δίκαιός</span> <span class='ocrx_word' id='word_1_250' title='bbox 670 3260 822 3314; x_wconf 74' lang='grc' dir='ltr'>ἐστιν</span> <span class='ocrx_word' id='word_1_251' title='bbox 859 3261 891 3313; x_wconf 84' lang='grc' dir='ltr'>ὁ</span> <span class='ocrx_word' id='word_1_252' title='bbox 928 3257 1168 3327; x_wconf 84' lang='grc' dir='ltr'><strong>φθόνος,</strong></span> <span class='ocrx_word' id='word_1_253' title='bbox 1203 3258 1308 3312; x_wconf 83' lang='grc' dir='ltr'><strong>τὸν</strong></span> <span class='ocrx_word' id='word_1_254' title='bbox 1343 3259 1451 3326; x_wconf 86' lang='grc' dir='ltr'><strong>γὰρ</strong></span> <span class='ocrx_word' id='word_1_255' title='bbox 1488 3262 1815 3327; x_wconf 79' lang='grc' dir='ltr'><strong>φθονοῦντα</strong></span> <span class='ocrx_word' id='word_1_256' title='bbox 1851 3260 2053 3315; x_wconf 78' lang='grc' dir='ltr'>δάκνει.</span> 
     </span>
     <span class='ocr_line' id='line_1_36' title="bbox 425 3326 1849 3399; baseline 0.002 -17"><span class='ocrx_word' id='word_1_257' title='bbox 425 3329 697 3385; x_wconf 82' lang='lat' dir='ltr'><strong>indormit</strong></span> <span class='ocrx_word' id='word_1_258' title='bbox 727 3328 914 3385; x_wconf 85' lang='lat' dir='ltr'><strong>unctis</strong></span> <span class='ocrx_word' id='word_1_259' title='bbox 950 3326 1198 3383; x_wconf 88' lang='lat' dir='ltr'><strong>omnium</strong></span> <span class='ocrx_word' id='word_1_260' title='bbox 1235 3328 1516 3383; x_wconf 86' lang='lat' dir='ltr'><strong>cubilibus</strong></span> <span class='ocrx_word' id='word_1_261' title='bbox 1552 3328 1849 3399; x_wconf 84' lang='lat' dir='ltr'><strong>malignus.</strong></span> 
     </span>
    </p>
   </div>
   <div class='ocr_carea' id='block_1_5' title="bbox 284 3414 1030 3480">
    <p class='ocr_par' dir='ltr' id='par_1_12' title="bbox 284 3414 1030 3480">
     <span class='ocr_line' id='line_1_37' title="bbox 284 3414 1030 3480; baseline 0.008 -6"><span class='ocrx_word' id='word_1_262' title='bbox 284 3414 383 3476; x_wconf 88' lang='lat' dir='ltr'><strong>Ita</strong></span> <span class='ocrx_word' id='word_1_263' title='bbox 427 3417 584 3476; x_wconf 90' lang='lat' dir='ltr'><strong>enim</strong></span> <span class='ocrx_word' id='word_1_264' title='bbox 634 3417 1030 3480; x_wconf 85' lang='lat' dir='ltr'><strong>scribendum.</strong></span> 
     </span>
    </p>
   </div>
  </div>
 </body>
</html>
