2514 3950
402 146 528 202 mv
668 152 669 155 ¹
1033 182 1042 195 .
1106 100 1672 200 PROLEGoMENA.

404 262 697 357 stantium
750 294 987 354 Horatii
1041 294 1309 354 codicum
1363 293 1722 354 testimoniis
1776 292 2095 353 firmatam.
2193 293 2321 354 Pro

305 406 309 413 ·
406 404 526 461 qua
571 383 730 460 quod
772 383 836 442 in
881 383 1015 442 aliis
1060 386 1157 442 est
1199 382 1370 442 libris
1418 383 1633 442 deicere
1678 398 1737 449 e,
1784 399 1868 449 ex,
1914 401 1955 441 a
1998 399 2141 442 saxo
2187 383 2319 442 sive

406 473 628 533 omissa
661 472 1122 548 praepositione,
1156 470 1621 547 interpolatores
1656 470 1830 529 facile
1855 487 2164 545 agnosces.
2224 471 2318 530 De

406 562 658 639 synizesi
702 561 812 621 illa
857 561 1083 619 dictum
1128 559 1183 618 d.
1228 579 1277 617 r.
1322 578 1401 618 m.
1449 561 1594 619 271.

539 653 599 724 6,
648 652 792 709 126.
884 647 1032 707 Cum
1075 667 1195 707 non
1237 648 1413 707 modo
1457 648 2010 723 praestantissimus
2064 648 2315 723 quisque

405 740 774 814 criticorum,
839 740 909 795 ut
976 737 1313 811 Bentleius,
1377 735 1789 810 Heindorfius„
1851 736 2313 812 Peerlcampius,

405 827 756 898 Meinekius‚
792 824 1105 901 Linkerus,
1152 824 1274 897 alii,
1311 843 1519 883 verum
1557 824 1739 883 etiam
1774 825 2087 900 proletarii
2122 825 2313 898 multi,

405 919 478 974 ut
557 913 813 974 Orellius
826 959 842 990 ‚
921 913 1312 987 Kirchnerus,
1384 911 1770 988 Fritzschius,
1850 906 2057 974 veram
2136 914 2314 972 huius

405 1004 521 1065 loci
582 1003 942 1079 scripturam
1013 1002 1424 1077 agnovissent,
1497 1002 1698 1061 extitit
1767 1020 1958 1077 nuper
2028 1001 2313 1061 Alfredus

406 1091 734 1163 Homerus,
781 1091 885 1167 qui
929 1089 1191 1149 Hermae
1237 1109 1353 1164 xn,
1402 1091 1528 1150 502
1576 1090 1961 1150 contenderet
2003 1091 2112 1149 illa
2154 1091 2315 1164 fuqio

407 1198 676 1255 campum
720 1181 1018 1252 &amque
1060 1181 1339 1253 triyonem
1383 1170 1519 1258 (pro
1567 1197 1683 1254 quo
1729 1181 1823 1238 est
1865 1179 1930 1238 in
1973 1176 2153 1238 Goth.
2200 1197 2314 1239 sec.

406 1269 757 1341 differentia,
805 1271 876 1327 ut
910 1267 1410 1343 palaeographiae
1447 1267 1698 1327 Latinae
1735 1268 1912 1344 gnari
1948 1266 2162 1341 sciunt,
2208 1269 2317 1326 mi-

405 1358 568 1416 nima
613 1348 884 1435 lusitque)
932 1356 1066 1414 orta
1119 1373 1249 1415 esse
1306 1375 1378 1415 ex
1425 1358 1582 1416 male
1625 1355 1798 1416 lectis
1845 1356 1931 1415 eis
1978 1373 2129 1432 quae
2176 1360 2317 1415 sunt

366 1444 372 1448 ”
405 1448 566 1519 fugio
618 1446 840 1504 rabiosi
892 1447 1148 1517 tempora
1190 1446 1375 1518 siqui,
1424 1449 1493 1504 ut
1537 1446 1601 1504 et
1645 1440 1943 1520 Cruquius
1985 1447 2052 1504 et
2097 1444 2314 1505 codicis

407 1531 668 1595 Gothani
701 1532 985 1591 librarius
1021 1532 1325 1608 imperitia
1361 1534 1689 1610 scripturae
1726 1533 2049 1605 Saxonicae
2087 1535 2151 1592 et
2181 1551 2316 1594 con-

407 1622 609 1681 cordia
660 1622 838 1697 plane
890 1620 1142 1680 mirifica
1195 1623 1296 1681 vel
1349 1624 1549 1698 potius
1602 1621 1955 1697 portentosa
1993 1638 2072 1680 ex
2115 1621 2315 1682 verbis

405 1711 628 1770 rabiosi
672 1714 930 1783 tempora
981 1712 1133 1784 sioni
1175 1710 1427 1770 fecerint
1480 1712 1641 1784 fuyio
1696 1727 1964 1784 camma
2005 1712 2318 1785 lusumque

407 1802 700 1872 tviyone‘m.
791 1797 955 1866 Quae
1009 1799 1302 1873 quomodo
1346 1800 1585 1858 firmare
1633 1797 1898 1876 studeat,
1953 1799 2157 1859 videre
2210 1818 2315 1875 po-

408 1891 627 1959 terunt,
666 1886 881 1963 quibus
919 1885 1178 1961 libuerit,
1216 1889 1255 1947 l.
1291 1906 1467 1963 quem
1505 1886 1642 1946 dixi.
1695 1887 1891 1964 Magis
1929 1887 2119 1962 doleo,
2158 1888 2317 1964 quod

405 1975 730 2049 HolderuS,
791 1977 968 2035 homo
1023 1978 1247 2053 alioqui
1292 1977 1598 2035 modestus
1643 1995 1713 2036 ac
1758 1975 2018 2052 sobrius,
2053 1995 2137 2037 -eo
2182 1996 2315 2037 con-

404 2065 685 2124 fidentiae
739 2067 833 2124 est
884 2067 1228 2142 provectUS,
1285 2068 1355 2124 ut
1400 2066 1522 2124 iam
1571 2068 1773 2141 speret
1826 2065 2095 2124 funditus
2152 2083 2318 2124 ever·
2353 2099 2360 2102 -

406 2145 538 2213 sam
572 2153 887 2211 lectionem
924 2154 1195 2213 alteram.
1264 2152 1489 2211 Verum
1527 2155 1598 2211 ut
1632 2153 1923 2230 omittam,
1966 2154 2132 2213 nullo
2167 2157 2319 2213 tem-

405 2260 550 2317 pore
597 2240 932 2314 defuturos,
981 2242 1083 2317 qui
1126 2241 1342 2300 malint
1387 2258 1522 2298 cum
1566 2240 1838 2300 Bentleio
1886 2259 2088 2302 errare
2134 2260 2319 2318 quam

407 2348 542 2387 cum
578 2328 838 2389 Holdero
876 2328 1194 2390 Kellerove
1238 2330 1401 2387 recte
1444 2328 1724 2404 iudicare,
1769 2333 2023 2405 apparet
2067 2349 2204 2389 eum
2237 2350 2320 2391 ne

405 2417 770 2477 intellexisse
815 2416 1080 2493 quidem,
1120 2415 1264 2492 quid
1297 2418 1466 2475 tanto
1512 2435 1690 2491 opere
1732 2418 2025 2493 placuerit
2067 2422 2161 2478 tot
2206 2421 2320 2479 cri-

405 2506 540 2565 ticis
586 2506 649 2564 in
691 2505 995 2564 Blandinii
1047 2504 1443 2563 vetustissimi
1488 2505 1805 2581 scriptura,
1861 2507 1926 2566 in
1965 2506 2319 2569 foedissimo

405 2594 510 2653 illo
557 2594 932 2669 emblemate,
977 2592 1136 2668 quod
1180 2592 1326 2649 dicit
1369 2592 1703 2670 Meinekius
1748 2595 1826 2653 ad
1871 2613 1962 2671 ep.
2005 2609 2055 2672 1,
2106 2600 2161 2669 1,
2211 2598 2319 2674 60,

406 2685 574 2741 tanto
613 2701 789 2757 opere
818 2679 1221 2755 displicuerit·
1264 2678 1432 2749 Quod
1471 2682 1523 2741 si
1557 2683 1817 2742 nondum
1844 2684 2150 2759 perspexit
2174 2689 2323 2759 post

404 2773 499 2830 tot
543 2790 833 2830 annorum
880 2767 1081 2827 studia
1124 2767 1188 2825 in
1231 2766 1481 2827 Horatio
1529 2772 1832 2844 collocata,
1876 2772 1978 2832 vix
2025 2772 2141 2830 erit
2171 2791 2323 2848 per-

405 2863 716 2933 specturus
762 2875 858 2914 me
905 2856 1168 2914 docente.
1204 2887 1280 2896 —
1318 2855 1596 2916 Ceterum
1641 2860 1797 2934 quod
1836 2860 1978 2918 dicit
2012 2861 2322 2921 imitatum

404 2964 535 3005 esse
579 2948 687 3004 illa
729 2945 949 3003 rabiosi
993 2947 1248 3016 tempora
1293 2947 1460 3019 siyna
1504 2946 1824 3020 Avienum,
1871 2948 2030 3023 quod
2074 2949 2323 3024 quidem

403 3035 552 3092 mihi
586 3033 825 3093 videtur
860 3049 1076 3106 parum
1110 3033 1439 3111 probabile,
1485 3037 1553 3093 ut
1591 3036 1672 3094 sit
1705 3054 1930 3111 verum,
1971 3037 2112 3112 quid
2149 3037 2322 3097 aliud

405 3122 775 3181 demonstrat
816 3119 934 3177 nisi
977 3119 1098 3177 iam
1144 3138 1292 3180 saec.
1329 3142 1387 3197 p.
1426 3120 1563 3181 Chr.
1609 3126 1841 3198 quarto,
1889 3124 2048 3198 quod
2094 3125 2191 3185 vel
2230 3127 2322 3186 sic

403 3227 575 3291 nemo
630 3206 896 3283 negarit,
949 3208 1013 3265 in
1070 3210 1370 3269 nonnullis
1425 3209 1595 3269 libris
1642 3210 1987 3269 Horatianis
2043 3214 2321 3275 extitisse

314 3291 317 3292 ⁷
396 3297 719 3356 lectionem
764 3295 1188 3371 interpolatam
1202 3296 1232 3355 ἱ)

534 3382 723 3442 Addit
759 3381 1056 3444 Holderus
1103 3403 1184 3461 se,
1231 3404 1408 3445 usum
1451 3385 1799 3443 membrana
1834 3402 1871 3443 a
1907 3384 2167 3464 Cruquio
2215 3392 2324 3449 ad-
