2514 3950
364 171 493 238 226
1065 173 1578 251 EPISTVLARVM
2211 171 2314 245 [n.

492 338 802 403 Ludenfis
845 338 1127 421 speciem
1171 336 1351 401 dabit
1392 339 1459 401 et
1499 334 1927 418 torquebitur,
1970 337 2044 399 ut
2085 335 2201 418 qui

369 436 468 486 125
497 422 689 488 Nunc
720 421 1018 518 Satyrum
1028 469 1048 504 ,
1090 442 1265 486 nunc
1427 422 1629 485 estem
1662 418 1949 503 Cyclopa
1986 422 2310 485 movetur.

495 506 913 572 Praetulerim
957 505 1231 589 scriptor
1275 504 1353 569 de
1386 505 1399 518 '
1552 503 1693 568 iner
1768 524 1848 569 ue
1887 503 2118 585 videri,

496 591 670 656 Dum
709 612 855 655 mea
895 590 1214 656 delectent
1240 590 1414 653 mala
1455 609 1558 653 me
1585 588 1691 652 vel
1777 588 1882 653 eni
1927 609 2005 652 ue
2046 587 2307 671 fallant,

498 676 707 751 Quam
735 695 956 758 sapere
986 675 1052 738 et
1089 671 1308 757 ringi‘?
1360 672 1511 738 Fuit
1547 671 1719 736 haud
1745 672 1862 757 ign
1884 609 2052 736 ‘lanis
2081 671 2312 757 Argis,

500 759 624 836 Qui
667 780 736 824 se
778 757 1075 823 credebat
1114 757 1313 822 miros
1356 756 1574 822 audire
1615 755 1954 841 tragoedos

374 858 474 907 130
502 844 582 908 In
623 863 821 908 vacuo
864 842 1069 906 laetus
1114 863 1323 907 sessor
1362 841 1744 925 plausorque
1786 840 2067 924 theatro,

501 927 731 994 Cetera
771 926 881 1010 qui
923 926 1091 991 vitae
1135 928 1418 991 servaret
1456 925 1678 991 munia
1717 927 1893 990 recto

499 1011 709 1095 More,
753 1010 961 1077 bonus
1005 1031 1160 1075 sane
1201 1009 1481 1093 vicinus,
1531 1009 1825 1074 amabilis
1866 1007 2129 1092 hospes,

501 1094 718 1161 Comis
760 1095 831 1160 in
871 1116 1164 1178 uxorem,
1207 1097 1429 1178 posset
1470 1093 1578 1177 qui
1622 1094 1952 1179 ignoscere
1996 1094 2204 1159 servis

498 1179 589 1247 Et
631 1182 819 1265 signo
862 1180 1036 1244 laeso
1078 1201 1212 1243 non
1253 1178 1534 1243 insanire
1576 1178 1915 1274 lagoenae,

377 1278 475 1327 135
503 1263 733 1330 Posset
773 1264 884 1348 qui
923 1285 1149 1347 rupem
1192 1266 1259 1328 et
1297 1266 1563 1346 puteum
1604 1265 1805 1327 vitare
1845 1263 2178 1346 patentem
2191 1285 2213 1328 ε

499 1348 627 1414 Hic
669 1348 780 1413 ubi
823 1351 1243 1433 cognatorum
1288 1347 1514 1431 opibus
1558 1346 1851 1430 curisque
1891 1346 2171 1412 refectus

500 1432 769 1516 Expulit
810 1432 1090 1498 elleboro
1133 1432 1429 1497 morbum
1471 1431 1790 1515 bilemque
1830 1452 2112 1513 meraco,

501 1515 593 1581 Et
632 1516 800 1582 redit
842 1517 924 1580 ad
966 1538 1106 1582 sese
1151 1516 1314 1601 ‘pol,
1358 1537 1462 1580 me
1507 1515 1858 1598 occidistis,
1902 1514 2123 1597 amici,

502 1600 657 1666 Non
699 1600 1023 1665 servastis’
1069 1600 1188 1683 ait,
1235 1600 1362 1665 ‘cui
1405 1600 1497 1665 sic
1540 1603 1789 1665 extorta
1828 1600 2123 1684 voluptas

380 1698 480 1747 140
507 1684 597 1748 Et
639 1683 932 1767 demptus
973 1704 1088 1767 per
1129 1685 1263 1748 vim
1304 1684 1537 1749 mentis
1697 1685 1983 1750 tissimus
2024 1690 2260 1749 error.’

504 1767 826 1833 Nimirum
869 1772 1154 1852 saperest
1195 1768 1460 1834 abiectis
1503 1791 1547 1833 u
1582 1769 1594 1782 '
1624 1790 1659 1834 e
1700 1769 1922 1854 nugiS,

504 1852 593 1918 Et
632 1853 1079 1937 tempestivum
1118 1853 1336 1937 pueris
1379 1853 1723 1918 concedere
1766 1853 1986 1918 ludum

505 1938 605 2003 Ac
646 1958 781 2004 non
821 1937 1016 2003 verba
1058 1938 1237 2023 sequi
1286 1937 1516 2004 fidibus
1559 1937 1945 2003 modulanda
1975 1901 2238 2003 ‘Latinis
2250 1987 2274 2021 ,

507 2022 634 2087 Sed
674 2044 859 2087 verae
899 2044 1325 2106 numerosque
1366 2023 1715 2106 modosque
1755 2023 2031 2088 ediscere
2072 2022 2271 2087 vitae.

381 2120 480 2169 145
512 2106 823 2183 Quocirca
849 2127 1098 2171 mecum
1126 2107 1354 2190 loquor
1394 2106 1552 2172 haec
1591 2107 1949 2192 tacitusque
1974 2107 2322 2173 recordor:

507 2190 577 2255 Si
616 2191 738 2255 tibi
778 2190 959 2254 nulla
1001 2191 1175 2256 sitim
1217 2191 1433 2256 finiret
1474 2192 1661 2276 copia
1701 2190 2031 2276 lymphae,

507 2273 819 2339 Narrares
860 2274 1155 2339 medicis:
1200 2275 1399 2358 quod,
1444 2279 1681 2359 quanto
1724 2277 1909 2360 plura
1949 2276 2228 2360 parasti,

511 2357 719 2423 Tanto
761 2359 948 2443 plura
990 2358 1198 2443 cupis,
1238 2359 1489 2424 nulline
1531 2360 1786 2426 faterier
1829 2360 2064 2425 audes?

509 2442 579 2507 Si
621 2443 850 2508 volnus
892 2443 1014 2508 tibi
1054 2446 1411 2509 monstrata
1450 2443 1663 2510 radice
1704 2446 1807 2510 vel
1848 2444 2046 2509 herba

383 2540 481 2590 150
508 2525 663 2592 Non
703 2526 885 2591 fieret
924 2527 1156 2612 levius,
1200 2528 1458 2614 fugeres
1499 2529 1712 2594 radice
1754 2528 1857 2593 vel
1898 2528 2098 2593 herba
2210 2560 2215 2561 ff

507 2610 888 2675 Proficiente
929 2610 1096 2676 nihil
1138 2614 1444 2678 curarier:
1490 2614 1807 2696 audieras,
1852 2613 1954 2677 cui

507 2693 671 2759 Rem
713 2694 779 2759 di
821 2695 1162 2778 donarent,
1205 2697 1305 2761 illi
1347 2696 1648 2763 decedere
1688 2718 1952 2781 pravam

509 2778 891 2866 Stultitiam3
936 2783 1027 2864 et,
1074 2802 1220 2847 cum
1264 2781 1352 2846 sis
1394 2780 1598 2846 nihilo
1643 2782 2016 2865 sapientior,
2061 2802 2140 2846 ex
2188 2804 2332 2867 quo

507 2862 767 2930 Plenior
809 2887 905 2948 es,
948 2867 1168 2931 tamen
1208 2864 1405 2929 uteris
1446 2865 1869 2931 monitoribus
1910 2865 2159 2930 isdem?

384 2960 480 3011 155
510 2948 602 3012 At
644 2948 701 3013 si
744 2948 998 3014 divitiae
1041 2948 1422 3047 prudentem
1462 2948 1724 3014 reddere
1765 2953 2055 3036 possent,

509 3031 578 3098 Si
606 3032 907 3116 cupidum
934 3032 1353 3116 timidumque
1379 3033 1592 3098 minus
1629 3036 1727 3099 te:
1768 3055 2001 3119 nempe
2028 3035 2336 3123 tuberes,

507 3115 771 3182 Viveret
811 3116 882 3180 in
923 3118 1111 3181 terris
1153 3119 1219 3181 te
1264 3117 1463 3201 siquis
1508 3118 1756 3183 avarior
1796 3140 1948 3183 uno.

510 3200 579 3267 Si
620 3201 1041 3285 propriumst,
1087 3200 1260 3284 quod
1301 3201 1442 3285 quis
1484 3202 1649 3267 libra
1685 3205 2001 3268 mercatur
2030 3205 2097 3268 et
2136 3226 2300 3272 aere
2315 3256 2340 3295 ,

509 3284 863 3368 Quaedam,
908 3285 964 3349 si
1006 3284 1210 3350 credis
1255 3286 1596 3371 consultis,
1640 3287 1964 3371 mancipat
2002 3309 2158 3352 usus
2173 3313 2194 3355 ε

385 3383 486 3432 160
515 3368 639 3445 Qui
680 3372 744 3433 te
787 3370 996 3454 pascit
1036 3390 1217 3454 ager,
1261 3372 1416 3449 tuus
1452 3373 1579 3454 est,
1622 3372 1689 3435 et
1728 3371 1954 3436 vilicus
1999 3371 2195 3457 Orbi,

512 3451 677 3520 Cum
720 3455 968 3540 segetes
1011 3456 1192 3520 occat
1234 3455 1354 3520 tibi
1394 3475 1546 3520 mox
1587 3455 1909 3522 frumenta
1952 3455 2259 3546 daturas,
