2514 3950
233 203 313 277 11.]
521 166 525 170 ’
1000 199 1217 256 unna
1245 202 1313 257 11.
2008 194 2135 259 223

232 362 429 439 Quivis
471 362 666 427 ferret
693 361 880 427 idem.
954 361 1163 427 Semel
1206 361 1313 426 hic
1345 362 1614 426 cessavit
1653 365 1745 446 et,
1788 365 1862 428 ut
1903 363 2005 447 fit,

230 448 298 512 In
336 447 522 511 scalis
565 447 755 511 latuit
796 449 1085 511 metuens
1176 446 1466 511 endentis
1510 411 1823 510 habenae·
2071 460 2134 508 15

231 531 348 596 Des
388 552 715 614 nummos,
762 533 1028 615 excepta
1056 469 1232 595 nillil
1273 533 1338 596 te
1383 530 1437 595 si
1480 530 1635 627 fuga
1678 496 1927 594 laedit!

228 615 329 680 Ille
370 615 538 680 ferat
578 615 855 699 pretium
892 635 1141 712 poenae
1185 636 1442 681 securus
1486 615 1730 699 opinor.

225 700 493 765 Prudens
539 700 748 764 emisti
791 700 1123 784 vitiosum,
1168 700 1339 765 dicta
1379 699 1564 764 tibist
1604 699 1736 764 lex.

224 784 569 868 Insequeris
611 787 831 849 tamen
872 783 1043 849 hunc
1088 788 1153 849 et
1195 785 1308 849 lite
1351 784 1618 849 moraris
1661 782 1926 867 iniqua?

224 868 375 939 Dixi.
400 890 503 933 me
545 869 803 953 pigrum
845 868 1277 953 proficiscenti
1319 869 1469 952 tibi,
1516 868 1646 932 dixi
2072 880 2140 930 20

224 952 471 1017 Talibus
516 952 746 1016 officiis
789 972 950 1035 prop
955 974 989 1015 e
1032 973 1361 1036 mancum,
1404 974 1487 1016 ne
1528 974 1673 1016 mea
1716 974 1940 1017 saevus

223 1036 506 1119 Iurgares
550 1035 632 1098 ad
675 1037 739 1098 te
786 1035 953 1117 quod
998 1035 1271 1118 epistola
1310 1001 1489 1098 nulla
1528 1036 1781 1099 rediret.

226 1119 381 1194 Quid
422 1121 561 1182 tum
603 1118 880 1201 profeci,
924 1139 1173 1182 mecum
1215 1118 1520 1183 facientia
1562 1119 1701 1183 iura

225 1202 289 1268 Si
327 1205 543 1266 tamen
587 1202 974 1285 attemptas?
1056 1201 1351 1278 Quereris
1398 1224 1597 1349 811Ρ6ιί·1
1626 1202 1748 1267 1106
1793 1204 2013 1288 etiam,

1470 1308 1552 1351 uo

222 1372 600 1454 Exspectata
648 1370 767 1434 tibi
810 1391 942 1434 non
984 1370 1238 1435 mittam
1284 1308 1566 1435 6611111116
1608 1370 1901 1436 mendax.
2075 1385 2140 1433 25

220 1455 464 1521 Luculli
507 1455 691 1519 miles
736 1454 1005 1519 collecta
1045 1455 1280 1520 viatica
1322 1455 1539 1520 multis

220 1540 585 1623 Aerumnis,
631 1540 837 1603 lassus
882 1538 1033 1603 dum
1069 1543 1271 1604 noctu
1316 1540 1553 1624 stertit,
1601 1540 1681 1603 ad
1725 1560 1931 1604 assem

218 1588 612 1690 Perdiderat.
655 1626 806 1721 post
836 1623 960 1688 hoc
989 1644 1246 1689 vemens
1276 1625 1464 1709 lupus
1495 1626 1560 1689 et
1588 1624 1711 1690 sibi
1740 1627 1804 1689 et
1845 1624 2014 1688 hosti

219 1708 422 1773 Iratus
464 1708 730 1792 pariter,
777 1708 1007 1772 ieiunis
1053 1707 1350 1773 dentibus
1396 1730 1568 1794 acer,

216 1792 610 1857 Praesidium
652 1792 867 1890 regale
911 1792 1054 1857 1060
1100 1793 1355 1875 deiecit,
1400 1796 1475 1857 ut
1518 1759 1726 1875 aiunt,
2075 1805 2143 1855 30

218 1876 474 1942 Summe
517 1877 765 1941 munito
812 1879 879 1941 et
919 1877 1266 1941 multarum
1309 1842 1504 1941 d'ivite
1547 1899 1774 1941 rerum.

218 1960 441 2026 Clarus
488 1960 569 2024 ob
614 1960 680 2026 id
721 1960 991 2046 factum,
1039 1960 1221 2026 donis
1268 1964 1530 2026 ornatur
1569 1960 1886 2044 honestiS‚

215 2045 475 2128 Accipit
516 2048 582 2108 et
621 2045 719 2109 bis
765 2045 928 2110 dena
972 2068 1162 2130 super
1205 2047 1496 2112 sestertia
1536 2067 1886 2111 nummum.

217 2128 408 2193 Forte
452 2129 568 2193 sub
610 2128 734 2193 hoc
776 2131 1026 2226 tempus
1072 2131 1403 2196 castellum
1446 2133 1723 2196 evertere
1767 2132 2023 2213 praetor

213 2212 452 2279 Nescio
498 2212 665 2296 quod
709 2213 1000 2310 cupiens,
1044 2214 1287 2279 hortari
1331 2215 1541 2300 coepit
1584 2213 1853 2279 eundem
2076 2225 2142 2276 35

214 2297 468 2381 Verbis,
494 2318 654 2381 quae
675 2297 899 2362 timido
924 2320 1172 2383 quoque
1194 2303 1460 2384 possent
1481 2300 1708 2365 addere
1729 2302 2036 2363 mentem:

214 2381 274 2445 ‘I
319 2382 516 2465 bone,
562 2402 687 2465 quo
732 2383 932 2447 virtus
974 2386 1088 2448 tua
1128 2384 1193 2447 te
1236 2386 1454 2467 vocat,
1499 2385 1523 2447 i
1565 2384 1725 2467 pede
1768 2384 2010 2466 fausto,

214 2465 504 2531 Grandia
546 2465 787 2529 laturus
831 2467 1203 2530 meritorum
1245 2468 1545 2550 praemia.
1565 2407 1766 2543 pQuid
1811 2470 1942 2532 stas
1955 2467 2012 2531 ’θ’

210 2549 378 2614 Post
420 2548 578 2613 haec
620 2550 729 2612 1116
759 2552 990 2647 catuS,
1027 2552 1432 2632 quantumvis
1476 2553 1748 2616 rusticus
1794 2552 1962 2635 ε11111,

209 2633 349 2698 Ibit
394 2653 497 2716 eo,
544 2653 675 2731 quo
712 2633 839 2715 vis,
886 2633 993 2716 qui
1036 2654 1263 2698 zonam
1306 2636 1605 2720 perdidit’
1651 2636 1878 2718 inquit.
2078 2646 2147 2695 40

206 2717 461 2783 Romae
504 2716 733 2781 nutriri
776 2716 935 2781 1111111
981 2720 1252 2818 contigit
1296 2723 1484 2804 atque
1528 2721 1774 2801 (106611,

203 2803 429 2868 Iratus
476 2799 660 2866 Grais
707 2805 1012 2886 quantum
1055 2805 1382 2869 nocuisset
1422 2803 1727 2867 Achilles,

202 2887 529 2952 Adiecere
571 2886 778 2950 bonae
820 2888 1034 2970 paullo
1079 2889 1223 2971 plus
1270 2887 1425 2950 artis
1467 2886 1790 2968 Athenae,

204 2971 478 3037 Scilicet
517 2973 592 3034 ut
631 2992 887 3068 possem
932 2992 1121 3036 curvo
1168 2971 1542 3069 dignoscere
1586 2972 1830 3034 rectum

202 3056 432 3138 Atque
474 3055 643 3120 inter
686 3055 876 3119 silvas
921 3055 1223 3119 Academi
1265 3075 1562 3138 quaerere
1604 3075 1838 3119 verum.
2083 3065 2146 3116 45

202 3138 399 3202 Dura
440 3139 551 3204 sed
594 3159 885 3204 emovere
927 3139 1069 3203 loco
1115 3160 1216 3203 me
1259 3142 1550 3236 tempora
1590 3141 1806 3224 grato,

204 3219 570 3304 Civilisque
612 3223 835 3288 rudem
878 3223 1033 3287 belli
1074 3224 1224 3288 tulit
1267 3228 1477 3288 aestus
1520 3223 1589 3287 in
1633 3244 1837 3289 arma.

203 3305 514 3371 Caesaris
556 3306 834 3452 Augusti
876 3329 1011 3373 non
1050 3329 1434 3392 responsura
1476 3308 1745 3372 lacertis,

198 3389 411 3456 Vnde
455 3389 576 3453 sim
728 3393 959 3457 rimum
1001 3414 1104 3457 me
1148 3394 1441 3458 dimisere
1484 3392 1799 3475 Philippi,

197 3473 474 3541 Dec-isis
516 3390 644 3537 hu]
722 3496 821 3540 em
871 3479 1091 3561 pinnis
1134 3479 1514 3564 inopemque
1557 3476 1802 3562 paterni
2081 3487 2150 3537 50
