2514 3950
265 177 377 250 111.]
1078 172 1294 227 LIBER
1337 173 1381 229 1.
2068 166 2188 231 133

266 339 611 404 Nobiscum
654 337 842 420 vivit,
886 336 1158 400 multum
1201 334 1512 400 demissus
1556 334 1749 400 homo
1783 335 1925 400 ille:

266 424 469 488 Tardo
514 443 892 508 cognomen,
914 421 1144 505 pingui
1187 420 1429 485 damus.
1516 418 1642 484 Hic
1683 421 1856 505 fugit
1897 441 2116 485 omnes

265 507 534 572 Insidias
576 507 863 591 nullique
905 506 1076 569 malo
1120 505 1287 569 latus
1333 504 1514 568 obdit
1555 508 1872 589 apertum3

268 592 425 658 Cum
467 614 669 678 genus
711 590 835 655 hoc
878 591 1046 654 inter
1088 589 1254 654 vitae
1298 610 1649 672 versemur,
1692 589 1805 652 ubi
1847 589 2007 654 acris
2122 602 2189 650 60

263 676 511 741 Invidia
553 680 740 761 atque
782 676 1005 761 vigent
1047 675 1157 739 ubi
1197 674 1492 739 crimina:
1536 694 1655 758 pro
1699 673 1862 738 bene
1906 694 2061 738 sano

264 763 357 826 Ac
399 783 533 825 non
574 762 832 826 incauto
876 760 1096 824 fictum
1139 763 1543 842 astutumque
1585 779 1903 823 vocamus.

266 845 624 930 Simplicior
653 845 794 929 quis
825 847 890 909 et
917 846 1042 926 est,
1089 844 1340 927 qualem
1367 865 1471 907 me
1503 865 1690 927 saepe
1728 846 1771 925 †
1791 843 2065 907 libenter

266 930 618 994 Obtulerim
660 929 811 1010 tibi,
856 927 1219 1010 MaecenaS,
1266 930 1338 990 ut
1379 928 1544 991 forte
1588 927 1910 1014 legentem

263 1017 394 1078 Aut
434 1015 702 1076 tacitum
744 1011 1015 1093 inpellat
1057 1011 1281 1092 quovis
1327 1032 1647 1075 sermone:
1701 1013 2058 1076 ‘molestusl
2121 1023 2189 1073 65

266 1096 604 1161 Communi
647 1115 839 1159 sensu
878 1094 1068 1177 plane
1113 1096 1307 1157 caret'
1353 1095 1690 1177 inquimus.
1778 1095 1992 1179 Eheu,

266 1180 468 1255 Quam
508 1182 747 1243 temere
774 1178 845 1241 in
871 1180 1127 1241 nosmet
1166 1177 1379 1261 legem
1415 1178 1732 1242 sancimus
1760 1179 2062 1262 iniquam.

263 1264 435 1329 Nam
476 1263 650 1327 vitiis
691 1282 881 1326 nemo
926 1261 1064 1326 sine
1104 1262 1415 1326 nascitur·
1463 1262 1743 1345 optimus
1785 1262 1986 1346 illest,

266 1348 387 1424 Qui
414 1347 696 1412 minimis
726 1349 1048 1431 urguetur.
1090 1345 1356 1410 Amicus
1386 1312 1609 1430 dulcis,
1638 1349 1711 1411 ut
1733 1368 1807 1411 ae
1852 1351 2082 1431 uumst,

265 1431 426 1497 Cum
467 1453 611 1496 mea
654 1434 1004 1515 conpenset
1043 1430 1216 1495 vitiis
1259 1431 1456 1513 bona,
1505 1431 1793 1514 pluribus
1881 1431 2039 1511 isce,
2126 1445 2193 1493 70

264 1517 332 1581 Si
374 1516 565 1580 modo
608 1516 793 1599 plura
832 1514 993 1580 mihi
1034 1516 1206 1579 bona
1249 1518 1429 1598 sunt,
1478 1515 1773 1583 inclinet.
1813 1519 2047 1581 Amare

265 1601 334 1665 Si
376 1602 550 1666 volet
596 1602 719 1668 hac
761 1603 935 1685 lege,
972 1600 1041 1664 in
1082 1600 1329 1665 trutina
1369 1603 1644 1684 ponetur
1688 1600 1928 1666 eadem.

263 1685 414 1768 Qui,
458 1707 542 1750 ne
585 1685 913 1749 tuberibus
956 1686 1231 1769 propriis
1279 1684 1563 1750 offendat
1604 1686 1877 1751 amicum
1888 1734 1910 1767 ,

259 1768 580 1852 Postulat,
624 1769 918 1853 ignoscet
958 1771 1236 1834 verrucis
1281 1769 1488 1834 illius:
1536 1774 1868 1854 aequumst

260 1853 550 1917 Peccatis
591 1852 844 1916 veniam
886 1856 1259 1934 poscentem
1301 1853 1562 1917 reddere
1605 1876 1841 1918 rursus.
2127 1867 2193 1916 τὸ

260 1936 584 2019 Denique,
630 1937 940 2020 quatenus
985 1934 1187 1999 excidi
1231 1937 1486 2019 penitus
1529 1937 1755 2001 vitium
1798 1938 1959 2022 irae,

263 2020 493 2085 Cetera
533 2021 683 2083 item
729 2022 1055 2101 nequeunt
1097 2020 1308 2083 stultis
1351 2020 1706 2103 haerentia,
1754 2043 1865 2085 cur
1905 2044 2038 2086 non

261 2104 660 2168 Ponderibus
702 2103 1100 2187 modulisque
1145 2104 1275 2168 suis
1317 2105 1481 2170 ratio
1525 2106 1753 2190 utitur,
1805 2127 1880 2170 ac
1922 2128 2023 2171 res

260 2188 356 2252 Vt
399 2190 771 2272 quaequest,
816 2188 907 2252 ita
949 2188 1278 2272 suppliciis
1324 2190 1552 2254 delicta
1599 2190 1936 2255 cohercet?

262 2271 476 2357 Siquis
521 2294 665 2337 eum
708 2294 984 2355 servum,
1029 2274 1315 2356 patinam
1360 2275 1468 2358 qui
1509 2276 1736 2339 tollere
1779 2276 1986 2340 iussus
2123 2287 2192 2337 80

261 2355 554 2422 Semesos
597 2357 803 2440 pisces
847 2357 1255 2441 tepidumque
1302 2359 1651 2443 ligurrierit
1692 2360 1823 2444 1118,

258 2441 343 2505 111
387 2463 569 2506 cruce
614 2442 907 2526 suffigat:
973 2441 1270 2505 Labeone
1312 2443 1598 2507 insanior
1639 2444 1806 2508 inter

260 2524 468 2590 Sanos
514 2524 778 2589 dicatur.
868 2525 1119 2600 Quanto
1162 2526 1288 2590 hoc
1330 2527 1630 2592 furiosius
1676 2532 1863 2612 atque

256 2608 471 2674 Maius
514 2611 934 2692 peccatumst:
978 2610 1262 2693 paullum
1306 2610 1573 2695 deliquit
1614 2613 1854 2677 amicus
1866 2662 1884 2693 ‚

258 2692 449 2769 Quod
490 2693 618 2758 nisi
663 2694 1000 2777 concedas,
1045 2693 1317 2759 habeare
1361 2696 1672 2779 insuaviS,
1719 2698 2010 2762 acerbusz
2121 2709 2188 2760 85

256 2777 472 2843 Odisti
517 2781 582 2843 et
623 2777 796 2864 fugis
840 2780 913 2842 ut
953 2778 1280 2844 Rusonem
1324 2779 1574 2845 debitor
1618 2781 1811 2864 aeris,

253 2862 384 2938 Qui
427 2863 585 2946 nisi,
635 2884 778 2928 cum
805 2864 1020 2928 tristes
1064 2865 1295 2928 misero
1340 2886 1569 2929 venere
1605 2861 1955 2949 Kalendae,

250 2946 618 3013 Mercedem
649 2950 758 3012 aut
783 2970 1079 3013 nummos
1107 2947 1275 3013 unde
1304 2948 1473 3014 unde
1496 2950 1762 3015 extricat
1820 2972 2061 3015 amaras

249 3031 561 3098 Porrecto
604 3032 671 3097 iu
760 3033 824 3096 lo
867 3031 1167 3096 historias
1212 3033 1499 3116 captivus
1543 3037 1617 3098 ut
1659 3000 1853 3100 audit.

252 3116 634 3181 Conminxit
703 3119 913 3181 ectum
954 3120 1145 3200 potus
1190 3139 1487 3183 mensave
1533 3120 1815 3184 catillum
2120 3133 2189 3183 90

246 3199 543 3264 Euandri
585 3202 877 3266 manibus
920 3201 1144 3265 tritum
1188 3202 1444 3267 deiecit:
1492 3204 1574 3267 ob
1617 3205 1785 3269 hanc
1826 3226 1990 3286 rem,

246 3284 396 3346 Aut
436 3285 715 3367 positum
746 3289 892 3350 ante
921 3307 1065 3349 mea
1095 3287 1245 3369 quia
1285 3287 1533 3370 pullum
1561 3289 1632 3351 in
1658 3294 1839 3373 parte
1869 3287 2063 3353 catini

249 3365 534 3431 Sustulit
576 3371 884 3455 esurienS,
930 3371 1140 3435 minus
1183 3370 1308 3436 hoc
1351 3372 1660 3437 iucundus
1707 3373 1944 3437 amicus

246 3449 361 3515 Sit
399 3450 605 3515 mihi?
663 3452 826 3528 Quid
868 3455 1129 3538 faciam,
1177 3456 1232 3520 si
1276 3456 1515 3522 furtum
1559 3458 1810 3542 fecerit,
1856 3461 1966 3523 aut
2007 3456 2062 3521 si
