2514 3950
154 170 345 243 xvm]
947 167 1164 222 LIBER
1204 167 1249 225 1.
1914 161 2038 226 211

153 332 516 395 Alterutrum
559 330 745 394 velox
786 329 1053 394 victoria
1093 329 1322 395 fronde
1364 334 1642 395 coronet.

153 414 496 481 Consentire
541 414 672 479 suis
716 413 942 478 studiis
987 413 1094 497 qui
1139 413 1476 479 crediderit
1513 416 1608 497 te,
1975 423 2041 477 65

149 500 361 564 Fautor
399 500 668 582 utroque
709 500 890 562 tuum
933 497 1219 563 laudabit
1259 497 1493 582 pollice
1535 497 1774 562 ludum.

145 583 419 648 Protinus
462 585 536 648 ut
575 602 899 667 moneam,
944 582 1152 666 siquid
1194 582 1533 647 monitoris
1578 603 1728 667 eges
1771 583 1872 646 tu:

147 666 296 743 Quid
334 666 408 731 de
452 686 701 751 quoque
742 666 878 731 viro
925 669 992 732 et
1032 666 1134 731 cui
1177 666 1383 750 dicas,
1428 688 1535 733 sae
1584 688 1618 730 e
1660 665 1893 731 videto,

143 752 636 818 Percontatorem
676 750 919 835 fugito:
959 773 1111 816 nam
1152 751 1446 837 garrulus
1488 752 1513 815 i
1557 753 1748 834 emet,

139 835 202 902 N
203 857 267 901 ec
303 836 578 905 retinent
618 836 873 920 patulae
916 835 1234 901 conmissa
1276 835 1548 900 fideliter
1590 856 1803 918 aures,
1976 845 2045 897 70

137 920 222 986 Et
258 921 445 985 semel
489 919 792 984 emissum
836 920 1012 984 volat
1053 919 1480 985 inrevocabile
1521 920 1804 985 verbum.

136 1004 281 1070 Non
319 1003 550 1067 ancilla
590 1004 771 1066 tuum
813 1002 990 1067 iecur
1028 1003 1270 1067 ulceret
1310 1004 1443 1067 ulla
1484 1024 1717 1086 puerve

136 1087 306 1152 Intra
343 1106 768 1150 marmoreum
808 1086 1153 1150 venerandi
1195 1086 1393 1151 limen
1435 1087 1655 1171 amici,

134 1170 231 1235 Ne
271 1170 559 1234 dominus
600 1170 785 1253 pueri
824 1169 1077 1253 pulchri
1121 1190 1382 1235 caraeve
1423 1172 1674 1254 puellae

133 1253 385 1319 Munere
426 1255 492 1318 te
534 1274 730 1338 parvo
774 1253 923 1319 beet
964 1257 1075 1318 aut
1113 1253 1556 1320 incommodus
1598 1257 1812 1340 angat.
1979 1266 2045 1317 ‘15

133 1337 387 1413 Qualem
441 1336 877 1423 commendes,
936 1338 1130 1403 etiam
1185 1341 1375 1423 atque
1429 1339 1621 1405 etiam
1673 1339 1917 1423 aspice,

1331 1444 1417 1489 ne
1457 1444 1609 1488 mox

126 1507 447 1572 Incutiant
488 1507 696 1572 aliena
737 1507 856 1571 tibi
897 1510 1162 1592 peccata
1202 1507 1530 1591 pudorem.

123 1591 426 1658 Fallimur
488 1594 553 1657 et
621 1591 902 1657 uondam
927 1613 1064 1657 non
1092 1592 1358 1677 dignum
1385 1592 1723 1657 tradimus:
1764 1610 1916 1676 ergo

123 1675 323 1751 Quem
365 1697 480 1741 sua
521 1697 555 1741 c
623 1697 707 1760 pa
746 1679 1023 1760 premet,
1068 1676 1369 1761 deceptus
1414 1677 1639 1742 omitte
1679 1675 1876 1760 tueri3

118 1759 212 1825 Vt
250 1762 505 1845 penitus
545 1762 801 1843 notum,
847 1761 903 1824 si
946 1762 1264 1843 temptent
1305 1762 1598 1844 crimina,
1642 1781 1852 1825 serves
1977 1770 2047 1822 80

117 1842 368 1909 'Puteris
414 1864 494 1908 ue
537 1845 649 1907 tuo
693 1843 995 1907 fidentem
1037 1844 1387 1926 praesidio:
1432 1845 1542 1927 qui

115 1926 330 1992 Dente
372 1865 708 1992 ff’heonino
753 1946 897 1991 cum
942 1926 1427 1992 circumroditur
1441 1977 1460 2011 ‚
1506 1926 1730 2024 ecquid

113 2010 224 2075 Ad
264 2014 330 2075 te
372 2012 523 2093 post
561 2010 779 2095 paullo
821 2013 1090 2076 ventura
1130 2011 1414 2096 pericula
1456 2010 1697 2076 sentis?

112 2094 181 2159 N
182 2115 288 2158 am
330 2097 444 2158 tua
469 2115 571 2158 res
706 2094 827 2158 ‘tur
841 2142 862 2177 ‚
902 2095 1111 2179 paries
1155 2116 1300 2160 cum
1341 2096 1670 2180 proximus
1712 2094 1919 2179 ardet,

109 2178 205 2244 Et
245 2179 546 2262 neglecta
588 2115 798 2243 sffdnt
836 2179 1132 2243 incendia
1174 2201 1421 2245 sumere
1462 2180 1648 2245 vires.
1977 2191 2044 2242 85

109 2262 340 2328 Dulcis
384 2263 731 2347 inexpertis
776 2263 1024 2328 cultura
1062 2265 1348 2349 potentis
1392 2265 1610 2349 amici;

106 2346 438 2431 Expertus
480 2348 728 2412 metuit.
818 2346 945 2432 Tu,
992 2348 1143 2413 dum
1183 2351 1297 2413 tua
1336 2349 1520 2413 navis
1562 2349 1633 2411 in
1675 2348 1900 2430 altost‚

105 2429 258 2495 Hoc
305 2452 459 2516 age,
503 2452 586 2495 ne
627 2433 872 2496 mutata
912 2434 1263 2496 retrorsum
1304 2433 1370 2496 te
1412 2432 1579 2497 ferat
1620 2452 1790 2497 aura.

105 2514 412 2579 Oderunt
451 2513 719 2578 hilarem
759 2516 976 2580 tristes
1017 2516 1392 2599 tristemque
1434 2516 1665 2599 iocosi,

101 2597 426 2663 Sedatum
469 2598 733 2682 celeres,
865 2599 878 2612 '
909 2620 1011 2664 em
1070 2622 1302 2665 navum
1352 2622 1431 2665 ue
1484 2601 1764 2685 remissi3
1977 2611 2046 2663 90

95 2681 387 2747 Potores
434 2679 661 2769 [bibuli
702 2704 805 2747 me
855 2683 869 2697 '
953 2682 1032 2749 de
1071 2686 1264 2749 nocte
1361 2686 1564 2749 alerni

96 2763 428 2854 Oderunt]
474 2769 770 2850 porrecta
808 2770 1153 2853 negantem
1194 2769 1456 2853 pocula,
1502 2767 1791 2850 quamvis

89 2850 164 2917 N
165 2853 484 2916 octurnos
526 2851 695 2915 iures
737 2853 803 2916 te
844 2852 1186 2917 formidare
1226 2853 1504 2935 tepores.

87 2934 312 3000 Deme
358 2935 699 3020 supercilio
741 2936 1009 3001 nubem:
1051 2937 1426 3020 plerumque
1469 2935 1792 3000 modestus

91 3018 408 3103 Occupat
449 3019 702 3084 obscuri
744 3020 1022 3104 speciem
1033 3067 1053 3103 ,
1093 3019 1448 3084 taciturnus
1492 3019 1722 3085 acerbi.
1979 3031 2047 3081 95

86 3102 289 3165 Inter
335 3106 568 3168 cuncta
608 3104 786 3189 leges
830 3104 895 3168 et
981 3104 1394 3169 ercontabere
1438 3102 1658 3168 doctos
1671 3153 1690 3188 ,

87 3186 245 3260 Qua
290 3187 546 3251 ratione
590 3208 783 3272 queas
970 3209 1157 3253 ucere
1199 3188 1429 3252 leniter
1473 3209 1696 3253 aevum
1709 3237 1728 3271 ‚

83 3269 157 3335 N
157 3291 283 3333 um
329 3272 400 3333 te
443 3290 691 3355 semper
732 3272 921 3356 inops
964 3273 1166 3357 agitet
1211 3274 1520 3356 vexetque
1564 3272 1825 3355 cupido,

81 3353 281 3420 Num
330 3374 535 3436 pavor
577 3359 642 3419 et
682 3376 894 3421 rerum
936 3356 1342 3422 mediocriter
1382 3358 1638 3422 utilium
1682 3377 1857 3440 spes,

78 3436 441 3504 Virtutem
486 3437 771 3504 doctrina
811 3444 993 3525 paret
1032 3444 1346 3508 naturane
1391 3442 1612 3526 donet,
1950 3452 2048 3503 100

1642 3541 1742 3594 14*
