2514 3950
361 156 540 212 XLVI
1025 152 1593 210 PROLEGOMENA.

362 306 490 366 Nec
540 308 748 364 tamen
799 305 948 364 haec
1003 304 1163 364 tanti
1218 321 1353 364 esse
1406 304 1681 365 existimo
1693 348 1710 379 ,
1762 306 1834 362 ut
1890 303 2156 364 eiciendo.
2200 304 2288 364 sit

365 394 614 469 stropha
666 393 875 452 altera.
973 391 1047 452 In
1101 409 1222 469 qua
1282 391 1523 468 quidem
1584 392 1647 451 id
1711 392 1874 469 quod
1937 394 2032 452 est
2094 392 2286 467 fulyes

361 480 698 558 praesentis
741 480 864 540 iam
908 497 1041 541 esse
1086 480 1360 541 existimo
1404 481 1721 557 temporie,
1771 499 1907 541 cum
1959 480 2023 539 in
2074 480 2283 557 lyricis

363 570 750 646 iambicisque
813 571 1056 645 praeter
1117 568 1270 628 illud
1341 569 1531 630 lavere
1591 587 1712 629 non
1778 569 2120 629 inveniatur
2183 587 2284 628 ex-

365 659 630 734 emplum
673 657 895 717 mutati
940 658 1177 734 generis
1231 656 1573 719 verborum.
1663 657 1824 717 Male
1870 657 2114 734 quidam
2157 673 2281 734 1111,

367 749 424 824 2,
465 751 500 807 7
548 748 736 822 fervit.
811 744 983 814 Quod
1028 763 1164 805 cum
1205 746 1297 806 ita
1342 745 1439 820 sit,
1486 745 1563 805 ad
1607 745 1865 813 hederae,
1911 762 2032 805 non
2076 745 2156 806 ad
2189 746 2283 806 vis

363 836 566 908 multa,
606 833 986 893 referendum
1030 850 1164 908 qua.

496 957 618 1013 1111,
658 940 767 1015 14,
807 940 909 1014 20,
947 940 1027 999 21
1077 940 1390 1000 indomitas
1421 955 1610 1014 prope
1654 940 1844 1013 qualis
1887 941 2081 1001 undas
2126 955 2284 1000 exer-

367 1033 450 1088 cet
501 1027 732 1088 Auster.
821 1027 1152 1088 Indomitus
1204 1026 1429 1086 rectius
1486 1025 1576 1088 cd.
1635 1026 2000 1102 Turicensis,
2067 1028 2132 1086 et
2191 1028 2284 1088 ita

365 1117 588 1194 BentL,
643 1134 822 1193 quam
877 1117 940 1174 et
992 1115 1209 1192 Porph.
1265 1117 1506 1175 tutatur
1561 1114 1894 1178 lectionem.
1997 1114 2283 1175 Ceterum

368 1204 525 1283 quod
566 1198 767 1281 negat
788 1203 1231 1280 Peerlcampius
1278 1202 1438 1279 apud
1470 1204 1659 1263 bonos
1695 1207 1905 1280 poetas
1942 1204 2068 1281 legi
2092 1220 2285 1279 prope

364 1294 428 1352 in
473 1293 941 1370 comparatione,
999 1292 1090 1351 ita
1132 1292 1263 1367 ipse
1307 1290 1453 1351 Hor.
1501 1291 1651 1350 dixit
1697 1310 1742 1351 s.
1788 1310 1861 1370 11,
1910 1295 1969 1368 3,
2018 1294 2141 1351 268
2191 1311 2280 1369 sq.

364 1383 504 1442 haec
555 1383 902 1456 tempestatis
943 1395 1130 1456 prope
1178 1380 1301 1440 rim
1350 1380 1603 1439 mobilia.
1693 1379 1751 1438 N
1754 1397 1819 1440 ec
1872 1383 2078 1440 tamen
2133 1381 2282 1441 satis

367 1473 508 1546 apte
553 1471 979 1546 eleganterque
1023 1467 1268 1528 admisit
1310 1467 1376 1526 in
1423 1467 1627 1545 lyricis
1665 1467 1829 1545 Hor.‚
1876 1469 2035 1544 quod
2077 1469 2281 1545 potius

368 1558 710 1619 conveniret
760 1555 1151 1618 sermonibus,
1242 1554 1590 1615 Notandum
1634 1559 1837 1616 autem
1880 1556 2043 1616 haud
2087 1576 2283 1634 pauca

366 1648 651 1707 humilius
699 1646 859 1706 dicta
902 1646 942 1706 l.
985 1662 1082 1703 1111
1126 1644 1455 1704 carminum
1498 1645 1763 1721 reperiri.

497 1754 609 1809 1111,
635 1736 734 1808 14,
756 1736 859 1811 27,
889 1735 926 1792 8
956 1733 1281 1792 meditatur.
1346 1733 1443 1792 Ita
1468 1733 1634 1808 prius
1666 1733 1877 1811 scripsi
1904 1752 2039 1793 cum
2056 1733 2277 1794 Meine·

366 1823 497 1902 ki03
524 1841 718 1899 neque
743 1822 856 1880 hoc
881 1814 1199 1896 indignum
1221 1820 1489 1880 Horatio.
1554 1820 1643 1880 Ac
1669 1825 1871 1881 tamen
1897 1823 2097 1897 potius
2124 1822 2279 1881 illud

365 1910 696 1979 minitatur,
741 1909 1002 1986 primum
1046 1910 1296 1985 propter
1337 1909 1626 1985 rationeS,
1674 1906 1844 1987 quas
1869 1911 2079 1970 attulit
2124 1910 2277 1971 Ben-

365 2001 566 2080 tleius,
611 2000 824 2058 deinde
870 1996 1027 2073 quod
1070 1997 1337 2058 codicum
1371 2002 1545 2074 parte
1580 2000 1760 2075 longe
1804 1998 2048 2072 maiore,
2096 2002 2278 2076 atque

366 2089 515 2150 adeo
571 2088 765 2147 tribus
811 2085 1170 2162 Blandim'is,
1196 2086 1549 2166 'adseritur3
1603 2088 1819 2163 quibus
1872 2087 2099 2147 accedit
2142 2106 2280 2165 gra-

364 2176 615 2236 vissima
660 2174 845 2234 Nonii
890 2174 1246 2251 auctoritas,
1293 2176 1453 2251 apud
1498 2194 1675 2251 quem
1718 2195 1774 2251 p.
1824 2178 1948 2235 203
1998 2195 2043 2235 s.
2087 2195 2143 2236 v.
2192 2175 2280 2235 di-

363 2264 596 2323 luvium
641 2263 735 2321 est
777 2263 1050 2321 minatur.
1140 2262 1321 2323 Nonii
1375 2265 1579 2323 autem
1637 2263 1980 2323 testimonio
2025 2264 2278 2325 inferius

366 2370 500 2412 esse
543 2352 722 2427 longe
763 2348 973 2426 Servii,
1018 2350 1179 2426 apud
1223 2370 1401 2430 quem
1446 2351 1670 2428 legitur
1713 2350 1778 2411 id
1824 2353 1983 2427 quod
2028 2356 2121 2413 est
2163 2370 2281 2413 me-

365 2442 604 2506 ditatur,
651 2437 785 2513 quis
829 2437 1060 2498 nescit?

499 2526 694 2586 Carm.
743 2544 893 2585 saec.
985 2524 1241 2587 Carmen
1286 2528 1590 2587 saeculare
1635 2528 1698 2587 in
1745 2528 2045 2589 codicibus
2083 2528 2277 2589 Hora-

364 2615 545 2675 tianis
601 2614 706 2690 qui
759 2615 965 2675 extant
1021 2615 1286 2691 positum
1341 2619 1435 2676 est
1486 2618 1625 2691 post
1680 2617 1928 2693 epodos:
1994 2620 2056 2676 et
2118 2617 2281 2677 hunc

366 2703 634 2764 ordinem
678 2702 980 2763 testantur
1022 2703 1398 2781 grammatici
1443 2703 1703 2780 quidam.
1776 2704 1893 2763 Sed
1938 2705 2081 2763 olim
2116 2704 2281 2764 idem

363 2791 551 2852 fuisse
614 2790 913 2851 adiectum
975 2794 1224 2870 odarum
1284 2794 1498 2867 quarto
1557 2790 1742 2868 libre,
1806 2794 1877 2850 ut
1940 2792 2280 2867 oportebat,

363 2879 503 2938 inde
549 2883 823 2956 apparet,
878 2881 1034 2957 quod
1078 2879 1364 2941 Mavortii
1419 2878 1779 2953 subscriptio
1826 2880 1889 2937 in
1931 2878 2051 2938 fine
2096 2880 2278 2938 collo·

366 2968 502 3028 cata
547 2970 642 3027 est
685 2969 932 3044 epodon.

499 3053 563 3115 Ο.
610 3054 673 3117 δῖ
718 3060 797 3117 16
849 3056 1160 3132 Genetyllis
1201 3057 1365 3114 recte
1409 3054 1479 3129 B,
1520 3054 1790 3128 yenitalis
1835 3053 1961 3114 cdd.

495 3143 605 3221 Ep.
641 3164 695 3223 1,
737 3149 792 3207 1.
865 3145 923 3204 N
924 3149 1092 3206 otum
1137 3143 1232 3204 est
1275 3141 1526 3219 gloriari
1572 3141 1909 3217 Horatium,
1955 3143 2113 3219 quod
2157 3143 2278 3219 pri-

362 3250 496 3293 mus
542 3233 873 3294 ostenderit
915 3234 1123 3293 Parios
1168 3231 1397 3290 iambos
1443 3228 1645 3307 Latio,
1698 3249 1975 3291 numeros
2022 3232 2278 3291 animos-

371 3339 482 3397 que
530 3325 770 3383 secutus
817 3320 1188 3396 Archilochi3
1244 3337 1438 3395 neque
1484 3320 1579 3379 est
1622 3318 1914 3397 gloriatus
1959 3320 2275 3381 immerito,

361 3408 710 3471 Notandum
753 3409 956 3468 tamen
999 3411 1209 3484 poetas
1253 3409 1635 3488 posteriores,
1682 3429 1817 3470 cum
1861 3411 2124 3471 numeris
2160 3409 2274 3468 Ar-
