2514 3950
236 150 324 223 x]
1025 147 1242 203 menn
1284 148 1327 205 1.
2041 140 2161 206 151

237 495 257 558 Ι
260 495 465 560 Lucili
475 544 496 579 ‚
541 516 733 579 quam
775 494 862 558 sis
905 493 1279 577 mendosus,
1323 496 1485 559 teste
1529 492 1776 560 Catone

234 561 586 644 Defensore
629 583 742 644 tuo
783 579 1147 663 pervincam
1222 579 1333 662 qui
1375 579 1541 643 male
1583 578 1789 643 factos

232 663 591 729 Emendare
632 666 818 748 parat
859 684 1108 746 versus,
1151 628 1277 728 lioc
1319 663 1526 728 lenius
1569 662 1709 744 ille,

234 748 373 824 Quo
416 749 645 812 melior
685 748 785 812 vir
827 750 892 812 et
934 750 1032 812 est
1072 748 1272 833 longe
1311 747 1605 813 subtilior
1646 747 1760 811 illo
1771 794 1791 828 ,

233 832 356 908 Qui
398 832 670 896 multum
710 852 978 916 puerum
1022 833 1087 896 et
1127 832 1283 896 loris
1327 834 1394 896 et
1432 831 1691 897 funibus
1735 829 1884 897 udis.
2127 841 2166 892 5

230 915 654 999 Exhortatus‚
697 919 771 979 ut
814 919 983 980 esset
1025 936 1212 999 opem
1256 916 1367 999 qui
1409 915 1575 980 ferre
1615 915 1825 1000 poetis

231 1000 534 1082 Antiquis
579 1002 798 1082 posset
842 1002 1066 1062 contra
1107 1000 1368 1063 fastidia
1409 1003 1659 1082 nostra,

234 1081 813 1146 Grammaticorum
843 1082 1125 1166 equitum
1169 1083 1595 1230 doctissiiinhuS.
1637 1080 1758 1252 ]Vt
1779 1083 2034 1148 redeam

1523 1187 1634 1231 uc:

230 1317 482 1401 Nempe
526 1319 931 1403 inconposito
977 1317 1109 1382 dixi
1150 1318 1312 1404 pede
1357 1339 1606 1384 currere
1646 1338 1869 1383 versus

232 1401 457 1468 Lucili.
547 1402 703 1478 Quis
745 1406 879 1467 tam
920 1402 1126 1468 Lucili
1168 1403 1381 1468 fautor
1420 1404 1727 1488 ineptest‚

229 1486 323 1552 Vt
363 1508 498 1551 non
538 1486 662 1552 hoc
705 1487 1022 1552 fateatur?
1081 1489 1175 1551 At
1213 1485 1413 1570 idem,
1461 1486 1628 1571 quod
1672 1486 1804 1552 sale
1830 1485 2035 1550 multo

229 1570 478 1656 Vrbem·
515 1571 840 1655 defricuit,
886 1571 1104 1636 charta
1147 1572 1440 1637 laudatur
1484 1571 1722 1637 eadem.

228 1653 368 1721 Nec
396 1658 643 1740 tamen,
681 1656 806 1721 hoc
834 1656 1149 1740 tribuens,
1194 1656 1474 1721 dederim
1514 1677 1763 1753 quoque
1793 1657 2031 1720 cetera:
2127 1665 2161 1716 5

1445 1762 1599 1804 nam
1644 1761 1735 1805 sm

228 1823 318 1887 Et
359 1823 592 1887 Laberi
634 1824 866 1887 mimos
878 1872 898 1906 ,
942 1828 1016 1887 ut
1057 1823 1324 1906 pulchra
1366 1827 1692 1907 poemata,
1737 1824 1947 1887 mirer.

224 1907 407 1991 Ergo
452 1927 588 1970 non
631 1907 785 1969 satis
832 1908 956 1989 est,
1000 1907 1135 1969 risu
1178 1905 1473 1970 diducere
1514 1907 1747 1969 rictum

231 1990 594 2074 Auditoris3
620 1992 684 2054 et
714 1993 813 2054 est
836 1989 1142 2072 quaedam
1163 1992 1381 2053 tamen
1403 1987 1509 2054 hic
1532 2010 1782 2073 quoque
1802 1990 2032 2074 vireu23

229 2073 354 2137 Est
394 2073 707 2138 brevitate
751 2094 909 2158 opus
919 2122 939 2156 ,
983 2076 1058 2137 ut
1100 2075 1312 2138 currat
1354 2074 1672 2138 sententia
1713 2095 1839 2137 neu
1883 2094 1951 2138 se

231 2156 532 2241 Inpediat
573 2157 784 2223 verbis
828 2158 1028 2222 lassas
1075 2158 1485 2222 onerantibus
1531 2179 1715 2222 aures
1726 2206 1745 2242 ‚
2097 2170 2163 2219 ιο

227 2241 320 2305 Et
362 2262 655 2306 sermone
698 2262 860 2326 opus
905 2243 1002 2307 est
1043 2241 1234 2306 modo
1279 2243 1478 2326 tristi,
1525 2260 1712 2327 saepe
1755 2242 2006 2325 iocoso,

229 2325 633 2391 Defendente
675 2326 881 2391 vicem
921 2326 1113 2391 modo
1157 2325 1431 2391 rhetoris
1475 2330 1663 2411 atque
1706 2330 1963 2410 poetae,

227 2408 560 2475 Interdum
612 2412 856 2475 urbane
906 2410 1226 2494 parcentis
1270 2412 1511 2475 viribus
1557 2414 1744 2495 atque

229 2493 658 2559 Extenuantis
703 2516 809 2558 eas
854 2496 1168 2559 consulto,
1254 2493 1620 2559 Ridiculum
1670 2495 1801 2560 acri

226 2577 487 2641 Fortius
531 2582 595 2642 et
635 2579 864 2643 melius
905 2599 1174 2663 magnas
1214 2578 1586 2663 plerumque
1629 2582 1803 2644 secat
1842 2600 1964 2643 res.
2097 2591 2161 2641 15

228 2661 365 2745 Illi,
415 2662 651 2746 scripta
735 2663 922 2728 uibus
967 2661 1295 2728 comoedia
1337 2664 1554 2747 prisca
1588 2664 1740 2728 viris
1785 2665 1913 2744 est,

228 2745 373 2810 Hoc
395 2748 669 2830 stabant,
748 2768 824 2812 oc
846 2750 997 2811 sunt
1021 2748 1345 2832 imitandi3
1372 2769 1530 2831 quos
1546 2768 1752 2830 neque
1768 2745 2036 2829 pulcher

224 2829 670 2916 Hermogenes
714 2854 1015 2915 umquam
1058 2834 1117 2896 le
1165 2832 1247 2914 it,
1295 2852 1502 2914 neque
1547 2830 1767 2894 simius
1810 2829 1931 2892 iste

226 2913 344 2981 Nil
385 2918 635 2998 praeter
680 2915 950 2981 Calvum
994 2920 1058 2980 et
1146 2918 1327 2980 octus
1374 2917 1630 2979 cantare
1677 2912 2018 2979 Catullum.

226 2999 348 3061 <At
387 3021 696 3084 magnum
737 2999 921 3083 fecit,
967 3000 1137 3083 quod
1179 2998 1389 3063 verbis
1436 2998 1678 3064 Graeca
1718 2997 1967 3063 Latinis
2094 3010 2164 3060 20

227 3081 537 3147 Miscuit.'
627 3084 682 3149 Ο
729 3084 854 3148 seri
896 3084 1281 3167 studiorum,
1328 3082 1518 3167 quine
1561 3083 1799 3167 putetis

228 3164 511 3231 Difficile
556 3171 621 3232 et
661 3169 924 3251 mirum,
968 3167 1223 3234 Rhodio
1271 3168 1440 3251 quod
1481 3167 1876 3234 Pitholeonti

229 3247 566 3334 Contigit?
635 3255 750 3317 ‘At
792 3273 1000 3318 sermo
1046 3252 1270 3337 lingua
1313 3253 1664 3320 concinnus
1705 3254 1971 3335 utraque

230 3329 527 3418 suavior,
571 3338 645 3399 ut
687 3336 850 3403 Chio
893 3340 1051 3401 nota
1093 3337 1148 3400 si
1193 3335 1517 3402 conmixta
1556 3336 1919 3404 Falernist.'

229 3416 392 3483 Cum
420 3439 639 3483 versus
668 3420 867 3486 facias
875 3472 895 3508 ,
927 3425 992 3487 te
1021 3422 1233 3507 ipsum
1261 3424 1634 3507 percontor,
1680 3442 1765 3485 an
1793 3424 1861 3486 et
1887 3442 2033 3486 cum
2093 3433 2165 3484 25
