2514 3950
420 116 652 172 XXXIV
1095 113 1660 171 PROLEGOMENA.

421 266 749 325 adhibuere
793 264 1066 324 Romani.
1157 264 1370 340 Neque
1414 281 1623 323 versus
1677 267 1804 323 tam
1847 280 2069 339 paucos
2115 283 2223 340 per
2266 284 2331 326 se

421 357 582 413 stare
636 370 815 428 posse
870 357 1045 413 extra
1100 354 1534 429 epigrammata
1585 352 1685 411 vel
1734 353 1920 412 scolia
1964 352 2329 415 crediderim.

421 473 507 484 —
554 440 839 501 Ceterum
882 459 991 501 nec
1035 440 1143 499 illo
1193 439 1447 499 artificio
1499 457 1646 499 usus
1702 444 1797 500 est
1841 440 2129 501 Horatius
2176 443 2331 518 quod

422 529 698 590 Catullus
765 531 828 589 in
881 529 1097 587 iambis
1162 531 1224 587 et
1280 527 1795 604 hendecasyllabis
1850 529 2168 605 aliquando
2227 530 2330 589 ad-

421 619 620 679 hibuit
668 616 819 694 [xv1.
864 635 1069 677 xxxvx.
1116 635 1262 676 nvn.
1309 612 1451 693 n11],
1505 616 1583 675 ad
1637 616 1974 694 augendam
2027 621 2151 677 vim
2203 636 2329 678 ora-

421 709 603 768 tionis
647 708 720 765 ut
763 708 1065 782 repeteret
1108 705 1370 780 primum
1413 722 1658 765 versum
1700 706 1831 765 loco
1876 706 2107 766 ultimo.

552 813 640 870 111,
689 797 747 867 2,
798 796 878 854 17
925 795 1112 852 virtus
1154 793 1422 867 repulsae
1463 796 1661 854 nescia
1703 794 1976 854 sordidae
2022 797 2131 854 etc.
2204 795 2332 855 Hoc

419 885 549 943 loco
603 883 806 958 potius
860 880 1111 940 bellicae
1163 881 1409 941 virtutis
1463 880 1526 941 id
1579 884 1674 942 est
1725 881 2098 942 fortitudinis
2155 900 2332 959 quam

423 973 550 1032 eius
587 989 741 1046 quae
785 972 943 1029 circa
986 971 1200 1046 togata
1242 969 1611 1045 reipubl-icae
1656 969 1852 1030 officia
1897 973 2175 1031 versatur
2209 972 2333 1031 lau-

423 1059 526 1118 des
580 1058 916 1134 praedicari
968 1058 1317 1133 expectaris.
1409 1057 1526 1118 Sed
1580 1058 1739 1119 enim
1797 1061 1977 1135 poeta
2022 1077 2167 1119 usus
2213 1077 2334 1119 am-

421 1147 721 1225 biguitate
763 1146 1027 1206 notionis
1073 1163 1146 1205 ea
1189 1146 1410 1206 subicit
1463 1165 1618 1223 quae
1661 1146 1951 1208 videmus
2046 1147 2335 1208 Similiter

424 1239 486 1296 in
538 1255 586 1297 c.
642 1255 749 1297 xv1
800 1235 903 1294 lib.
960 1252 1008 1293 11
1061 1236 1169 1294 otii
1221 1235 1578 1295 vocabulum
1634 1252 1770 1295 cum
1832 1235 1910 1294 ad
1963 1235 2334 1297 vacationem

422 1326 697 1385 laborum
742 1341 812 1382 ac
856 1340 1168 1383 munerum
1214 1322 1660 1398 exprimendam
1703 1341 1812 1399 per
1850 1340 1954 1384 sex
1987 1343 2194 1384 versus
2232 1325 2335 1385 ad·

421 1411 737 1484 hibuisset,
783 1411 991 1471 statim
1036 1430 1106 1471 eo
1143 1429 1323 1471 sensu
1369 1415 1641 1488 usurpat,
1686 1413 1759 1470 ut
1801 1413 2036 1472 animus
2084 1430 2227 1472 cura
2270 1416 2338 1473 et

421 1499 669 1561 libidine
714 1517 922 1559 carens
968 1518 1037 1560 eo
1084 1499 1472 1577 significetur.
1555 1498 1835 1559 Ceterum
1881 1518 2032 1576 quae
2081 1519 2338 1577 sequun-

421 1586 525 1649 tur
572 1582 687 1648 ‘est
729 1593 783 1648 ct
824 1588 984 1661 fideli
1036 1592 1159 1648 tuta
1204 1588 1430 1648 silentio
1473 1582 1716 1648 merccs'
1763 1589 1870 1647 rel.
1914 1589 2218 1649 levissimo
2265 1608 2338 1651 ac

422 1679 523 1739 vix
576 1677 702 1736 ullo
758 1694 893 1735 cum
946 1674 1440 1753 praecedentibus
1494 1676 1731 1736 vinculo
1787 1677 2104 1737 cohaerere
2157 1678 2339 1739 facile

424 1766 691 1843 apparet.
763 1764 891 1824 Nec
920 1768 1128 1824 tamen
1172 1765 1247 1823 de
1291 1766 1509 1825 lacuna
1547 1765 1879 1840 cogitarim,
1926 1783 2060 1826 cum
2102 1767 2338 1826 senten-

420 1857 645 1915 tiarum
689 1871 872 1913 nexus
917 1853 982 1912 in
1024 1852 1388 1912 carminibus
1432 1852 1675 1913 Horatii
1719 1857 1960 1929 praeter
2006 1854 2229 1915 erotica
2273 1859 2341 1916 et

425 1942 796 2021 symposiaca
838 1942 1158 2020 aliquando
1202 1944 1416 2003 tenues
1461 1959 1572 2002 nec
1622 1942 1781 2003 solvi
1824 1945 2158 2004 metuentes
2205 1961 2341 2006 esse

425 2035 519 2093 sat
563 2035 810 2093 constet.

554 2138 642 2196 111,
692 2123 749 2196 2,
799 2121 881 2179 28
928 2121 1265 2193 frayilcmve
1306 2119 1525 2192 Bentl„
1571 2120 1950 2195 frayilemque
1991 2141 2050 2184 v.

554 2227 651 2281 111,
706 2210 765 2267 3.
863 2207 993 2267 Hoc
1044 2225 1287 2266 carmen
1340 2207 1673 2267 Meinekius
1738 2226 1873 2268 cum
1936 2209 2072 2269 aliis
2125 2210 2343 2271 multis

424 2296 794 2357 continuavit
829 2294 1234 2371 praecedenti3
1280 2312 1400 2355 non
1434 2298 1614 2357 recte.
1674 2296 1888 2373 Neque
1934 2298 2091 2357 enim
2135 2299 2348 2359 media

424 2388 532 2445 aut
575 2385 791 2444 ultima
834 2383 1013 2442 huius
1050 2383 1344 2459 poematis
1381 2382 1506 2443 ullo
1544 2383 1719 2445 modo
1754 2385 1987 2446 faciunt
2022 2386 2099 2446 ad
2134 2404 2222 2460 ea,
2262 2387 2346 2447 de

425 2473 643 2551 quibus
687 2473 752 2532 in
795 2470 995 2548 priore
1040 2474 1251 2548 egerat
1295 2473 1502 2549 poeta;
1552 2476 1623 2532 ut
1667 2474 1944 2534 omittam
1989 2474 2348 2534 indecorum

422 2579 672 2639 prorsus
728 2563 791 2620 et
845 2560 1113 2636 exemplo
1169 2563 1483 2620 carentem·
1527 2561 1842 2621 circuitum
1900 2580 2031 2622 esse
2086 2563 2348 2623 odarum

424 2651 514 2711 ita
556 2650 911 2710 iunctarum.
983 2647 1142 2707 Nam
1179 2652 1321 2709 sunt
1362 2668 1570 2709 versus
1606 2668 1725 2710 non
1760 2651 1957 2709 minus
1995 2667 2154 2724 cun,
2201 2669 2350 2711 cum

425 2739 572 2800 alibi
613 2756 734 2798 non
779 2754 961 2814 supra
999 2755 1188 2813 nxxx,
1232 2738 1333 2799 vel
1379 2738 1433 2798 si
1477 2739 1659 2799 altius
1705 2737 2082 2813 introspicias
2128 2756 2349 2818 nxxvr,

426 2828 734 2888 continuet
784 2826 850 2886 in
899 2826 1103 2904 lyricis
1150 2826 1296 2887 Hor.
1388 2826 1671 2887 Ceterum
1721 2825 1981 2887 videnda
2031 2845 2183 2903 quae
2232 2846 2349 2886 no-

400 2917 687 2990 tavimus
743 2914 821 2975 ad
871 2933 922 2989 1,
979 2916 1081 2975 35.
1180 2915 1262 2974 Et
1323 2919 1395 2976 ut
1450 2913 1755 2974 Blandinii
1810 2914 2210 2975 vetustissimi
2279 2918 2354 2974 et

425 3006 568 3067 noni
613 3003 834 3065 saeculi
876 3004 1222 3065 testimonia
1266 3005 1523 3077 mittam,
1572 3004 1902 3080 Porphyrio
1950 3004 2107 3080 quod
2150 3006 2354 3063 testa-

424 3099 528 3155 tur
580 3094 733 3153 hanc
787 3091 940 3153 oden
988 3111 1110 3154 non
1163 3111 1296 3153 esse
1355 3093 1537 3151 aliam
1596 3111 1774 3169 quam
1836 3092 2203 3166 superiorem
2258 3122 2346 3134 -—

426 3183 570 3260 quid
616 3182 779 3241 aliud
824 3182 1123 3258 significat
1166 3182 1286 3241 nisi
1327 3181 1627 3242 invenisse
1673 3198 1738 3240 se
1780 3180 1981 3254 ipsum
2023 3180 2089 3237 in
2124 3178 2353 3240 codici-

426 3273 540 3331 bus
579 3270 937 3349 quibusdam
963 3288 1204 3330 carmen
1230 3270 1592 3344 diremptum
1619 3286 1657 3327 a
1681 3267 2115 3345 praecedente?
2159 3268 2354 3327 Prae-

424 3364 595 3422 terea
639 3360 1063 3438 grammaticus
1108 3357 1354 3434 quidam
1392 3389 1475 3400 —
1504 3358 1657 3417 falso
1705 3355 1899 3418 Servii
1941 3358 2178 3417 nomine
2224 3356 2353 3415 cir-
