2514 3950
749 220 929 280 VITA
958 221 1023 289 Q.
1050 221 1356 280 HORATII
1382 223 1652 284 mccl.
2037 219 2166 288 243

237 407 405 451 mere
448 387 700 464 feceris,
749 391 1038 469 quoniam
1073 389 1148 449 id
1190 409 1338 450 usus
1380 389 1530 450 mihi
1571 400 1771 452 tecum
1813 411 1946 455 esse
1973 393 2162 468 volui,

234 476 287 534 si
332 491 447 553 per
488 473 910 535 valetudinem
952 483 1121 534 tuam
1160 474 1296 535 fieri
1337 475 1587 554 possit'.
1648 485 1711 535 et
1752 495 1990 538 rursus:
2038 478 2166 538 ‘tui

234 557 480 637 qualem
509 557 772 620 habeam
800 559 1180 632 memoriam,
1227 559 1460 638 poteris
1491 576 1568 619 ex
1595 558 1891 639 Septimio
1919 579 2166 641 quoque

233 650 444 704 nostro
499 643 743 720 audire3
802 662 948 702 nam
989 641 1215 703 incidit
1252 651 1324 703 ut
1365 643 1471 702 illo
1516 663 1718 703 coram
1758 645 1934 705 fieret
1985 666 2026 706 a
2066 665 2165 707 me

231 727 324 786 tui
365 728 617 787 mentio.
674 745 878 807 neque
922 728 1087 787 enim
1126 728 1182 788 si
1226 735 1297 787 tu
1334 727 1641 807 superbus
1685 729 2013 789 amicitiam
2055 749 2163 790 no·

229 818 418 870 stram
458 813 771 890 sprevisti,
818 811 961 872 ideo
989 830 1106 871 nos
1149 829 1396 891 quoque
1437 805 2160 890 ἀνθυπερηφανοῦμεν’.

230 904 551 973 praeterea
579 913 767 975 saepe
809 896 975 955 inter
1016 895 1174 955 alios
1216 897 1385 955 iocos
1415 897 1805 974 purissimum
1831 917 2059 978 penem
2099 906 2163 959 et

227 979 700 1038 homuncionem
741 978 1188 1056 lepidissimum
1230 978 1534 1057 adpellat,
1579 999 1830 1060 unaque
1875 990 1936 1043 et
1964 982 2162 1043 altera

226 1060 602 1121 liberalitate
627 1061 1050 1140 locupletavit.
1094 1063 1322 1140 scripta
1346 1062 1595 1141 quidem
1625 1065 1754 1123 eius
1782 1083 1981 1144 usque
2000 1066 2158 1128 adeo

229 1142 517 1223 probavit
573 1162 981 1224 mansuraque
1039 1154 1340 1224 perpetuo
1399 1147 1684 1224 opinatus
1729 1156 1850 1221 est,
1908 1157 1980 1207 ut
2031 1170 2160 1221 non

229 1227 411 1288 modo
456 1228 773 1289 saeculare
817 1248 1062 1288 carmen
1106 1229 1582 1307 conponendum
1623 1230 1991 1305 iniunxerit,
2047 1233 2159 1294 sed

231 1319 294 1372 et
321 1311 713 1373 Vindelicam
751 1312 1071 1373 victoriam
1111 1311 1353 1373 Tiberii
1380 1313 1696 1392 Drusique
1738 1314 2161 1393 privignorum

228 1415 504 1471 suorum,
555 1414 818 1476 eumque
861 1397 1131 1474 coegerit
1158 1406 1411 1475 propter
1436 1396 1555 1457 hoc
1582 1396 1778 1457 tribus
1822 1400 2159 1460 carminum

226 1479 401 1540 libris
433 1499 510 1542 ex
534 1480 724 1559 longo
768 1480 1094 1542 intervallo
1125 1489 1410 1560 quartum
1452 1480 1712 1542 addere:
1758 1490 1898 1560 post
1932 1502 2160 1543 sermo·

227 1583 340 1624 nes
368 1583 514 1624 vero
545 1564 845 1644 quosdam
869 1565 1061 1625 lectos
1090 1565 1324 1625 nullam
1353 1565 1451 1625 sui
1478 1566 1856 1626 mentionem
1884 1565 2159 1627 habitam

225 1648 315 1707 ita
356 1649 436 1708 sit
463 1657 715 1729 questus
759 1648 974 1710 ‘irasci
1017 1669 1114 1709 me
1155 1648 1273 1709 tibi
1301 1650 1485 1724 scito,
1534 1650 1702 1729 quod
1744 1669 1873 1710 non
1916 1650 1983 1710 in
2027 1651 2157 1730 ple-

224 1733 431 1812 risque
487 1732 788 1794 eiusmodi
840 1734 1081 1812 scriptis
1137 1753 1375 1793 mecum
1427 1735 1811 1812 potissimum
1863 1734 2159 1813 loquaris.

226 1836 308 1877 an
335 1818 585 1891 vereris,
632 1836 713 1876 ne
751 1817 919 1895 apud
946 1825 1222 1894 posteros
1267 1817 1501 1878 infame
1543 1816 1658 1876 tibi
1701 1819 1809 1891 sit,
1856 1818 2024 1896 quod
2065 1819 2156 1878 vi·

228 1900 430 1960 dearis
461 1899 779 1960 familiaris
807 1897 986 1958 nobis
1027 1918 1161 1959 esse
1177 1899 1246 1959 *θ’
1295 1902 1718 1980 expressitque
1762 1901 2035 1980 eclogam
2076 1901 2160 1963 ad

232 1999 301 2043 se
337 1984 508 2044 cuius
551 1985 796 2044 initium
839 1991 959 2046 est:

428 2112 549 2149 cum
585 2101 670 2150 tot
704 2098 977 2150 sustineas
1012 2104 1069 2151 et
1103 2102 1261 2150 tanta
1292 2099 1514 2166 negotia
1547 2099 1726 2166 solus,

427 2180 513 2217 res
546 2164 717 2218 Italas
752 2166 918 2218 armis
951 2166 1173 2230 tuteris,
1210 2167 1455 2219 moribus
1490 2183 1680 2232 ornes,

425 2231 641 2297 legibus
678 2232 957 2285 emendes:
992 2235 1051 2284 in
1084 2233 1303 2299 publica
1335 2234 1610 2287 commoda
1642 2250 1891 2302 peccem,

426 2299 476 2351 si
509 2299 675 2366 longo
712 2315 955 2354 sermone
989 2315 1163 2354 morer
1196 2306 1294 2353 tua
1326 2307 1595 2369 tempora,
1632 2303 1850 2355 Caesar.

220 2401 515 2463 Horatius
543 2402 763 2465 habitu
794 2405 1063 2483 corporis
1092 2405 1213 2478 fuit
1238 2404 1447 2465 brevis
1487 2414 1673 2485 atque
1704 2405 1954 2483 obesus3
2002 2425 2157 2486 qua-

218 2487 299 2546 lis
330 2496 391 2546 et
420 2507 457 2547 a
486 2496 680 2547 semet
721 2489 854 2567 ipso
900 2490 968 2547 in
995 2490 1201 2548 satiris
1247 2488 1613 2550 describitur
1657 2498 1719 2550 et
1760 2489 1838 2550 ab
1866 2489 2151 2570 Augusto

217 2569 337 2629 hac
394 2571 658 2649 epistula
722 2570 1014 2650 ‘pertulit
1056 2572 1139 2631 ad
1179 2591 1278 2632 me
1323 2570 1597 2654 Onysius
1638 2573 1917 2634 libellum
1957 2584 2148 2648 tuum,

217 2672 402 2733 quem
448 2674 562 2733 ego
576 2698 592 2728 ,
638 2662 710 2715 ut
753 2663 1161 2730 excusantem,
1210 2657 1803 2737 quantuluscumque
1834 2666 1955 2729 est,
2002 2656 2154 2717 boni

217 2738 492 2799 consulo.
548 2739 752 2799 vereri
795 2746 1000 2800 autem
1025 2739 1177 2800 mihi
1217 2742 1475 2814 videris,
1524 2762 1605 2800 ne
1646 2741 1910 2800 maiores
1953 2737 2153 2800 libelli

217 2823 311 2882 tui
353 2823 506 2897 sint,
568 2841 751 2902 quam
792 2824 928 2903 ipse
970 2843 1056 2884 es.
1115 2824 1229 2885 sed
1272 2826 1327 2885 si
1370 2824 1485 2884 tibi
1526 2831 1763 2883 statura
1809 2822 1971 2897 dest,
2019 2842 2150 2883 cor·

214 2907 536 2986 pusculum
590 2927 719 2967 non
765 2907 920 2969 dest.
991 2909 1205 2987 itaque
1256 2907 1470 2966 licebit
1522 2906 1590 2965 in
1632 2906 1962 2967 sextariolo
2005 2908 2150 2966 scri·

213 2990 354 3051 bas:
387 3009 507 3070 quo
539 2991 829 3052 circuitus
857 2992 1186 3052 voluminis
1215 2991 1311 3049 tui
1337 2991 1418 3050 sit
1446 2985 1956 3065 ὀγκωδέστατος,
1991 2991 2152 3050 sieut

217 3082 311 3133 est
336 3075 666 3136 ventriculi
694 3075 820 3135 tui'
830 3120 843 3134 .
902 3075 1061 3134 vixit
1089 3075 1419 3153 plurimum
1457 3075 1526 3133 in
1567 3092 1813 3135 secessu
1853 3075 2009 3135 ruris
2054 3076 2152 3135 sui

218 3156 433 3218 Sabini
476 3168 583 3220 aut
623 3158 972 3225 Tiburtini:
1033 3157 1370 3236 domusque
1413 3157 1544 3219 eius
1600 3158 1944 3220 ostenditur
1989 3159 2152 3218 circa

214 3240 481 3301 Tiburni
531 3243 824 3304 luculum.
895 3250 1205 3303 venerunt
1259 3243 1326 3301 in
1380 3261 1598 3302 manus
1650 3261 1816 3303 meas
1871 3249 1934 3301 et
1987 3241 2151 3320 elegi

212 3323 327 3386 sub
370 3324 551 3385 titulo
597 3327 756 3402 eius,
806 3334 869 3387 et
911 3326 1175 3405 epistula
1202 3345 1387 3406 prosa
1430 3328 1705 3387 oratione
1719 3369 1735 3400 ,
1783 3325 1961 3405 quasi
1991 3345 2148 3385 com-

211 3408 566 3470 mendantis
594 3428 660 3471 se
688 3410 1068 3472 Maecenati:
1113 3410 1226 3471 sed
1268 3418 1530 3490 utraque
1574 3404 1733 3471 falsa
1776 3419 1948 3489 puto.
2005 3428 2151 3469 nam

211 3494 375 3574 elegi
416 3493 730 3575 volgares,
791 3495 1057 3576 epistula
1100 3496 1287 3556 etiam
1330 3495 1618 3556 obscura:
1676 3513 1797 3574 quo
1841 3494 1994 3555 vitio
2039 3493 2148 3552 mi·

1727 3593 1792 3643 16
1809 3589 1844 3627 ¹⁸
