2514 3950
383 1403 450 1453 10

373 2891 439 2939 10

371 3358 433 3408 15

1149 175 1542 231 CARMINVM

1209 406 1477 482 XXIII.

595 537 780 604 Vitas
863 537 1130 603 hinuleo
1173 560 1276 602 me
1323 539 1577 622 similis,
1624 538 1857 624 Chloe,

596 622 939 699 Quaerenti
980 622 1278 706 pavidam
1319 623 1644 687 montibus
1689 624 1849 688 aviis

687 707 963 770 Matrem
1003 727 1139 770 non
1182 706 1320 770 sine
1363 728 1528 771 vano

790 790 1109 854 Auratum
1153 792 1218 854 et
1262 790 1461 854 siluae
1503 793 1696 855 metu.

594 924 766 989 Nam
808 945 920 987 seu
961 924 1306 988 mobilibus
1350 925 1516 988 veris
1559 924 1880 989 inhorruit

596 1007 928 1072 Adventus
970 1008 1143 1072 foliis
1156 1057 1174 1090 ,
1220 1029 1333 1072 seu
1375 1008 1609 1072 virides
1652 1009 1881 1073 rubum

688 1090 1025 1156 Dimovere
1068 1092 1343 1156 lacertae
1358 1140 1377 1174 ‚

785 1174 874 1239 Et
915 1175 1103 1240 corde
1147 1178 1213 1240 et
1253 1175 1526 1260 genibus
1569 1177 1804 1240 tremit.

596 1308 797 1391 Atqui
837 1330 973 1372 non
1016 1330 1136 1393 ego
1179 1311 1245 1372 te
1288 1310 1476 1394 tigris
1520 1312 1594 1373 ut
1636 1331 1859 1393 aspera

601 1391 984 1456 Gaetulusve
1027 1392 1128 1455 leo
1172 1392 1470 1477 frangere
1511 1414 1887 1477 persequor:

683 1475 968 1540 Tandem
1012 1475 1228 1540 desine
1278 1479 1548 1541 matrem

786 1558 1192 1642 Tempestiva
1234 1560 1415 1643 sequi
1457 1560 1618 1625 vii-0.

1187 1898 1492 1973 XXIIII.

588 2027 743 2104 Quis
787 2028 1096 2093 desiderio
1142 2030 1226 2094 sit
1312 2029 1475 2094 udor
1517 2033 1629 2094 aut
1669 2031 1897 2096 modus

590 2111 750 2176 Tam
794 2113 924 2177 cari
966 2113 1240 2196 eapitis?
1338 2114 1588 2197 raecipe
1630 2115 1698 2179 lu
1787 2115 1933 2180 bres

587 2194 829 2261 Cantus
839 2244 858 2278 ‚
903 2194 1337 2280 Melpomene,
1385 2197 1487 2261 cui
1528 2198 1687 2282 liqui
1733 2221 1838 2263 am
1879 2199 2062 2283 parer

678 2277 920 2344 Vocem
965 2300 1108 2343 cum
1152 2280 1400 2344 eithara
1449 2280 1639 2347 dedst.

583 2411 760 2496 Ergo
809 2411 1185 2488 Quintilium
1281 2417 1575 2498 erpetuus
1621 2437 1814 2513 sopor

583 2494 875 2580 Vrguet‘?
964 2495 1084 2562 Cm
1125 2498 1222 2562 Pu
1267 2519 1340 2562 or
1392 2501 1458 2563 et
1496 2498 1786 2564 Iustinae
1831 2520 2042 2582 soror,

583 2577 963 2664 Incorrupta
1003 2580 1192 2645 Fides
1204 2630 1223 2664 ‚
1267 2582 1562 2665 nudaque
1604 2582 1859 2648 Veritas

677 2662 942 2739 Quando
987 2665 1188 2729 ullum
1232 2665 1516 2729 inveniess
1555 2667 1821 2750 parem?

583 2795 804 2861 Mulfis
846 2798 956 2863 ille
999 2798 1187 2863 bonis
1229 2798 1459 2862 flebilis
1506 2798 1741 2862 occidit
1752 2846 1771 2880 ,

583 2878 767 2946 Nulli
807 2882 1109 2964 flebilior,
1197 2902 1347 2944 uam
1388 2880 1540 2963 tibi,
1583 2879 1850 2964 Vergili.

581 2962 678 3027 'Pu
719 2965 958 3029 fiusfira
998 2965 1144 3048 pius
1235 2985 1315 3027 eu
1355 2983 1492 3026 non
1532 2963 1624 3026 ita
1668 2963 1975 3029 creditum

672 3048 891 3113 Poscis
938 3047 1318 3124 Quintilium
1363 3046 1534 3110 deos.

580 3180 746 3257 Quid
789 3183 845 3245 si
888 3180 1182 3245 Threicio
1225 3179 1522 3244 blandius
1568 3181 1825 3267 Orpheo

577 3264 884 3328 Auditam
925 3262 1250 3328 moderere
1295 3264 1625 3331 arboribus
1669 3266 1904 3332 fidem?

579 3347 755 3412 Num
797 3368 998 3410 vanae
1040 3346 1259 3413 redeat
1300 3349 1561 3435 sanguis
1605 3351 1904 3437 imagini,

675 3430 879 3505 Quam
920 3431 1102 3515 virga
1144 3434 1339 3499 semel
1381 3433 1669 3520 horrida,
