2514 3950
348 136 470 201 132
1103 140 1527 195 SATIRARVM
2155 144 2284 216 [111.

470 304 761 369 Maenius
787 304 1116 368 absentem
1138 302 1421 369 Novium
1446 323 1589 367 cum
1609 306 1913 387 carperet,
1945 304 2127 369 ‘heus
2158 309 2232 370 tu
2263 315 2285 340 ’

470 389 744 465 Quidam
774 389 864 452 ait
893 388 1178 473 ‘ignoras
1218 390 1314 471 te,
1358 409 1441 450 an
1469 390 1541 451 ut
1569 387 1865 472 ignotum
1907 388 2056 453 dare
2083 391 2282 455 nobis

469 473 683 538 Verba
701 476 888 557 putas
897 472 956 536 ‘?’
984 472 1288 557 ‘Egomet
1306 471 1397 535 mi
1416 472 1707 556 ignosco’
1730 472 2022 538 Maenius
2046 473 2278 558 inquit.

471 557 714 623 Stultus
746 561 811 623 et
838 557 1145 640 inprobus
1174 555 1281 620 hic
1311 576 1489 620 amor
1518 560 1618 621 est
1658 557 2014 655 dignusque
2040 560 2276 623 notari.

343 655 409 705 25
478 642 637 708 Cum
678 646 792 706 tua
832 640 1162 725 pervideas
1208 640 1408 705 oculis
1451 641 1621 705 mala
1662 642 1875 726 lippus
1917 643 2230 707 munctis:

472 725 602 794 Cur
642 727 714 807 in
755 726 1104 790 amicorum
1146 724 1319 789 vitiis
1363 728 1495 789 tam
1540 726 1747 789 cernis
1791 729 2073 809 acutum,

469 811 675 887 Quam
719 814 829 874 aut
872 810 1084 894 aquila
1128 813 1238 873 aut
1271 831 1530 893 serpens
1559 810 1988 894 Epidaurius?
2034 811 2126 875 At
2153 812 2281 876 tibi

1561 898 1785 959 contra

471 979 707 1045 Evenit
783 980 1112 1064 inquirant
1151 979 1311 1043 vitia
1352 983 1425 1044 ut
1466 982 1578 1043 tua
1619 1001 1834 1044 rursus
1881 984 1945 1044 et
1986 980 2100 1044 illi.

470 1029 842 1130 Iracundior
886 1068 983 1128 est
1024 1064 1239 1148 paullo
1251 1113 1273 1148 ,
1323 1065 1534 1128 minus
1580 1066 1766 1148 aptus
1811 1065 2015 1129 acutis

344 1162 412 1211 30
469 1148 747 1214 Naribus
790 1147 1021 1215 horum
1062 1147 1396 1212 hominum
1408 1197 1426 1231 ,
1468 1148 1660 1213 rideri
1701 1150 1907 1232 possit
1951 1169 2024 1212 eo
2038 1196 2057 1231 ,
2103 1149 2280 1231 quod

469 1233 791 1299 Rusticius
834 1237 1024 1298 tonso
1068 1237 1223 1319 toga
1267 1233 1487 1297 defluit
1529 1236 1593 1297 et
1633 1234 1798 1297 male
1841 1234 2019 1297 laxus

469 1318 551 1382 In
579 1317 741 1402 pede
779 1319 1025 1383 calceus
1056 1318 1305 1403 haeret3
1341 1321 1408 1382 at
1439 1320 1538 1382 est
1559 1318 1795 1400 bonus,
1839 1321 1910 1381 ut
1930 1317 2155 1381 melior
2176 1318 2278 1381 vir

469 1402 535 1468 N
537 1424 624 1467 on
652 1403 813 1468 alius
859 1404 1224 1487 quisquam,
1272 1405 1337 1466 at
1378 1401 1498 1466 tibi
1537 1402 1775 1499 amicus
1788 1451 1806 1485 ,
1850 1405 1917 1465 at
1944 1401 2282 1486 ingenium

1560 1509 1630 1551 m
1678 1508 1791 1550 ens

466 1572 720 1636 Inculto
763 1573 922 1636 latet
962 1572 1087 1635 hoc
1116 1572 1234 1636 sub
1272 1593 1554 1655 corpore.
1686 1572 1911 1655 enique
1953 1573 2020 1634 te
2063 1571 2279 1667 ipsum

344 1668 410 1718 35
480 1656 796 1739 Concute,
840 1676 1122 1738 numqua
1164 1656 1286 1720 tibi
1328 1657 1627 1720 vitiorum
1669 1654 1972 1720 inseverit
2014 1655 2170 1718 ohm

471 1740 721 1806 Natura
764 1743 874 1804 aut
918 1740 1110 1804 etiam
1155 1740 1545 1806 consuetudo
1590 1740 1787 1804 mala:
1831 1760 2103 1822 namque

470 1824 802 1910 Neglectis
845 1823 1086 1889 urenda
1127 1825 1262 1889 filix
1304 1826 1658 1890 innascitur
1700 1825 1891 1910 agris.

472 1909 634 1974 Illuc
675 1912 1174 1996 praevertamur:
1231 1913 1581 1974 amatorem
1624 1909 1794 1995 quod
1836 1909 2077 1974 amicae

471 1994 712 2080 Turpia
739 1995 1066 2080 decipiunt
1099 2016 1376 2075 caecum,
1406 1997 1558 2059 vitia
1593 1998 1704 2060 aut
1731 1995 1922 2059 etiam
1951 1995 2091 2079 ipsa
2116 1994 2280 2060 haec

344 2092 413 2141 4ο
474 2079 842 2162 Delectant,
886 2080 1085 2143 veluti
1126 2079 1472 2145 Balbinum
1521 2081 1794 2164 polypus
1836 2078 2123 2164 Hagnae.

472 2164 723 2228 Vellem
768 2165 836 2226 in
880 2163 1160 2227 amicitia
1203 2164 1296 2228 sic
1341 2185 1691 2229 erraremus
1736 2167 1801 2228 et
1841 2164 1951 2227 isti

470 2248 695 2313 Errori
736 2268 975 2311 nomen
1016 2247 1217 2311 virtus
1261 2249 1579 2332 posuisset
1620 2248 1979 2313 honestum.

471 2334 565 2395 At
605 2333 786 2415 pater
827 2335 900 2396 ut
943 2331 1155 2415 gnati,
1203 2332 1294 2396 sic
1336 2353 1455 2397 nos
1501 2333 1831 2415 debemus,
1878 2332 2066 2396 amici

475 2415 715 2499 Siquod
759 2415 846 2479 sit
886 2417 1141 2500 vitium,
1184 2438 1321 2481 non
1361 2417 1680 2482 fastidire:
1740 2416 2108 2481 strabonem

346 2513 412 2562 4⁵
475 2499 781 2584 Adpellat
820 2503 1081 2583 paetum
1123 2504 1332 2585 pater,
1380 2506 1444 2566 et
1485 2502 1764 2586 pullum,
1807 2502 1973 2566 male
2014 2521 2252 2585 parvus

475 2584 648 2649 Sicui
690 2583 859 2648 filius
905 2588 1029 2669 est,
1074 2589 1148 2650 ut
1188 2587 1513 2651 abortivus
1556 2586 1682 2651 fuit
1724 2587 1878 2651 olim

322 2726 370 2742 x„
474 2668 810 2755 Sisyphus3
852 2668 1025 2734 hunc
1067 2692 1290 2735 varum
1333 2670 1619 2735 distortis
1664 2671 1979 2753 cruribus,
2023 2670 2208 2733 illum

471 2753 763 2819 Balbutit
804 2775 1126 2838 scaurum,
1214 2756 1382 2818 ravis
1426 2755 1660 2819 fultum
1702 2756 1868 2819 male
1910 2755 2078 2818 talis.

474 2837 735 2903 Parcius
777 2838 883 2904 hic
925 2840 1112 2904 vivit:
1186 2840 1333 2923 rugi
1376 2838 1639 2904 dicatur.
1726 2839 1991 2923 Ineptus

348 2935 416 2985 50
478 2922 567 2988 Et
608 2924 944 2988 iactantior
986 2923 1092 2988 hic
1134 2924 1447 3007 paullost:
1494 2924 1844 2989 concinnus
1888 2922 2108 2987 amicis

474 3006 769 3072 Postulat
810 3012 882 3072 ut
924 3008 1228 3072 videatur.
1310 3010 1404 3071 At
1447 3011 1543 3073 est
1585 3008 2004 3073 truculentior
2046 3009 2245 3090 atque

475 3091 628 3156 Plus
673 3114 871 3176 aequo
917 3092 1108 3156 liber:
1162 3093 1434 3176 simplex
1475 3093 1784 3176 fortisque
1826 3091 2154 3156 habeatur.

479 3175 737 3241 Oaldior
780 3180 904 3240 est:
950 3197 1124 3239 acres
1166 3175 1336 3240 inter
1380 3180 1765 3242 numeretur.
1854 3176 2130 3259 Opinor,

476 3260 654 3326 Haec
695 3282 797 3323 res
842 3262 906 3323 et
948 3259 1184 3342 iungit,
1228 3261 1481 3325 iunctos
1527 3265 1592 3325 et
1635 3264 1844 3326 servat
1886 3260 2145 3324 amicos.

349 3357 415 3407 55
479 3346 572 3409 At
612 3365 731 3407 nos
774 3343 1038 3406 virtutes
1083 3344 1255 3426 ipsas
1300 3345 1672 3410 invertimus
1716 3348 1904 3494 atssue

480 3428 809 3493 Sincerum
855 3428 1140 3513 cupimus
1185 3450 1297 3494 vas
1341 3429 1710 3496 incrustare.
1838 3430 2030 3495 robus
2075 3431 2227 3513 quis
