2514 3950
261 182 360 256 [ι]
825 180 1252 236 sAmAnvM
1292 182 1510 238 mssa
1551 182 1622 239 11.
2077 173 2198 240 155

262 342 502 408 Castor
542 342 781 428 gaudet
823 342 1032 426 equis„
1077 363 1198 408 ovo
1240 346 1595 427 prognatus
1641 342 1863 408 eodem

266 426 365 491 Pu
462 427 475 440 ⁶
526 451 543 511 3
590 430 759 510 quot.
788 427 1070 510 capitum
1110 426 1336 491 vivunt
1407 425 1676 492 totidem
1719 427 2073 491 studiorum

268 448 627 575 Miffilzsme
669 510 938 594 pedibus
982 510 1256 575 delectat
1298 475 1589 577 claudere
1629 510 1827 575 verba

267 594 475 660 Lucili
516 595 672 678 ritu,
716 597 1010 659 nostrum
1051 595 1336 660 melioris
1374 597 1520 660 utro
1566 616 1666 659 ue.

262 677 388 744 Ille
429 679 604 743 velut
643 679 787 743 fidis
832 700 1065 745 arcana
1107 679 1435 744 sodalibus
1487 700 1526 744 o
1559 679 1572 693 ⁶
2133 689 2201 741 30

258 762 586 829 ¹Credebat
628 763 837 846 libris,
881 784 1089 848 neque
1133 763 1189 828 si
1230 764 1396 828 male
1442 765 1723 828 cesserat
1762 783 2034 846 usquam

265 846 625 913 Decurrens
666 848 825 931 alio,
869 869 1078 946 neque
1108 847 1164 911 si
1204 848 1399 912 bene:
1487 868 1571 911 uo
1614 848 1719 931 fit,
1762 850 1838 912 ut
1867 847 2076 913 omnis

265 931 503 996 Votiva
545 934 764 1015 pateat
804 932 1003 995 veluti
1048 930 1368 1015 descripta
1409 933 1480 994 ta
1524 932 1648 996 ella

262 1015 423 1080 Vita
479 1015 669 1079 senis.
756 1013 1003 1096 Sequor
1053 1012 1256 1096 hunc,
1311 1014 1605 1079 Lucanus
1658 1037 1742 1081 an
1789 1016 2040 1100 Apulus
2054 1065 2073 1101 ,

1491 1119 1649 1162 ance
1696 1121 1756 1163 s:

256 1181 335 1247 N
337 1203 439 1246 am
466 1181 834 1247 Venusinus
863 1182 1003 1245 arat
1030 1180 1225 1245 finem
1259 1181 1375 1245 sub
1408 1122 1747 1266 utrumqliie
1775 1183 2071 1267 colonus,
2136 1197 2201 1246 35

173 1277 183 1284 ’
268 1266 506 1331 Missus
535 1265 617 1330 ad
643 1265 767 1330 hoc
809 1264 1043 1349 pulsis,
1088 1267 1271 1329 vetus
1301 1267 1399 1329 est
1425 1268 1498 1330 ut
1525 1266 1726 1349 fama,
1772 1265 2074 1350 Sabellis,

271 1350 411 1426 Quo
453 1371 537 1414 ne
579 1371 695 1434 per
735 1370 1007 1413 vacuum
1049 1348 1342 1414 Romano
1384 1350 1738 1415 incurreret
1777 1349 2012 1434 hostis,

269 1433 417 1500 Sive
461 1434 632 1518 quod
674 1434 734 1497 A
780 1434 891 1498 ula
931 1455 1092 1517 gens
1137 1455 1248 1497 seu
1294 1433 1465 1517 quod
1508 1433 1792 1498 Lucania
1831 1434 2070 1498 bellum

268 1518 594 1584 Incuteret
619 1518 724 1584 vio
753 1521 920 1583 enta.
995 1516 1121 1583 Sed
1149 1517 1255 1582 hic
1286 1518 1469 1583 stilus
1498 1517 1621 1582 hau
1657 1521 1837 1600 petet
1879 1518 2054 1583 ultro

271 1603 665 1687 Quemquam
687 1603 1100 1686 animantem,
1131 1606 1196 1666 et
1215 1623 1318 1667 me
1341 1602 1536 1667 veluti
1570 1603 1887 1668 custodiet
1907 1603 2077 1667 ensis
2136 1615 2204 1664 40

268 1688 524 1773 Vagina
563 1689 802 1753 tectus:
858 1708 1048 1771 quem
1092 1707 1204 1751 cur
1247 1686 1644 1772 destringere
1688 1708 1882 1753 coner

264 1772 470 1837 Tutus
516 1772 598 1836 ab
639 1771 891 1836 infestis
934 1770 1337 1835 latronibus?
1428 1770 1483 1836 Ο
1526 1774 1709 1869 pater
1754 1776 1819 1836 et
1858 1791 1973 1836 rex

269 1856 588 1940 Iuppiter,
632 1859 705 1920 ut
746 1856 967 1938 pereat
1007 1855 1292 1938 positum
1331 1855 1628 1953 robigine
1669 1857 1871 1921 telum
1885 1903 1904 1939 ,

269 1940 410 2007 Nec
455 1940 790 2024 quisquam
816 1942 1049 2005 noceat
1077 1939 1306 2023 cupido
1335 1938 1496 2005 mihi
1538 1941 1742 2026 pacis!
1797 1942 1893 2005 At
1934 1940 2074 2026 ille,

264 2025 398 2101 Qui
440 2045 544 2089 me
587 2024 905 2089 conmorit
948 2023 1200 2109 (melius
1242 2046 1379 2089 non
1420 2027 1687 2111 tangere
1701 2075 1720 2109 ,
1766 2025 2034 2111 clamo),
2134 2037 2202 2088 45

271 2108 485 2173 Flebit
527 2111 593 2172 et
633 2108 909 2193 insignis
951 2111 1090 2173 tota
1134 2109 1496 2173 cantabitur
1536 2112 1714 2175 urbe.

263 2192 537 2260 Cervius
580 2193 780 2257 iratus
825 2193 1002 2277 leges
1043 2194 1377 2259 minitamr
1418 2196 1483 2259 et
1523 2217 1782 2280 urnam,

262 2275 542 2343 Canidia
583 2277 838 2362 Albuci,
886 2277 1116 2360 quibus
1161 2282 1259 2343 est
1300 2279 1589 2362 inimica,
1635 2301 1981 2363 venenum,

264 2362 530 2427 ‘Grande
572 2363 812 2427 malum
854 2361 1113 2445 TuriuS,
1158 2362 1369 2446 siquid
1413 2385 1481 2428 se
1523 2364 1731 2428 iudice
1775 2367 1998 2429 certes.

271 2446 365 2513 Vt
407 2468 531 2531 quo
618 2446 841 2530 uisque
883 2447 1055 2511 valet
1096 2449 1426 2530 suspectos
1467 2449 1733 2531 terreat,
1778 2450 1975 2532 utque
2136 2459 2205 2509 50

262 2531 553 2614 lmperet
644 2549 720 2594 oc
762 2532 990 2594 natura
1030 2532 1292 2614 potens,
1338 2531 1430 2595 sic
1474 2531 1706 2617 collige
1748 2553 2018 2596 mecum.

263 2615 485 2680 Dente
512 2615 731 2697 lupus,
778 2634 977 2678 cornu
1018 2618 1238 2680 taurus
1268 2615 1459 2698 petit:
1503 2616 1703 2700 unde,
1732 2616 1859 2680 nisi
1901 2616 2076 2679 intus

271 2697 747 2765 Mousti-atum?
836 2696 1108 2763 Scaevae
1150 2699 1437 2763 vivacem
1480 2699 1665 2763 crede
1705 2699 1930 2782 nepoti

261 2784 575 2849 Matrem:
619 2782 714 2845 nil
755 2782 950 2846 faciet
992 2783 1246 2847 sceleris
1292 2783 1400 2865 pia
1444 2782 1702 2846 dextera
1746 2781 2033 2866 (mirum,

266 2868 363 2934 Vt
387 2888 596 2951 neque
625 2866 796 2931 calce
825 2867 1012 2950 lupus
1055 2886 1438 2949 quemquam
1463 2886 1670 3034 nkeqqe
1699 2864 1888 2929 dente
1914 2865 2080 2949 petit
2137 2877 2201 2928 55

1537 2969 1610 3012 os
1652 2973 1668 2990 ·

264 3037 397 3104 Sed
438 3037 608 3101 mala
646 3035 838 3100 *tollet
879 3055 1071 3098 anum
1115 3033 1340 3098 vitiato
1382 3033 1572 3097 melle
1616 2998 1842 3099 cicuta.

269 3121 373 3187 Ne
414 3122 684 3206 longum
724 3118 989 3183 faciam:
1036 3139 1148 3183 seu
1189 3139 1294 3182 me
1334 3118 1678 3201 tranquilla
1720 3123 2013 3185 senectus

267 3205 621 3288 Exspectat
663 3226 776 3269 seu
817 3224 990 3267 mors
1036 3202 1192 3267 atris
1236 3203 1654 3268 circumvolat
1695 3204 1846 3288 alis,

269 3288 498 3371 Dives,
539 3289 758 3372 inops,
800 3288 1074 3371 Romae,
1120 3308 1233 3352 seu
1270 3287 1405 3352 fors
1447 3287 1543 3353 ita
1569 3288 1824 3354 iusserit
1865 3289 2074 3371 exsul,

270 3372 575 3470 Quisquis
605 3372 725 3436 erit
752 3373 920 3437 vitae
950 3372 1225 3437 scribam
1256 3373 1477 3438 color?
1531 3372 1612 3438 ‘0
1657 3394 1842 3458 puer,
1887 3377 1960 3438 ut
1988 3374 2076 3438 sis
2135 3385 2202 3436 60

266 3457 505 3523 Vitahs
549 3457 792 3533 metuo,
838 3460 904 3521 et
943 3458 1259 3523 maiorum
1296 3457 1525 3542 nequis
1567 3458 1807 3523 amicus
