2514 3950
399 195 519 261 178
1153 197 1578 254 SATIRARVM
2206 205 2322 278 [VI.

410 375 479 426 85
523 361 793 426 Aridum
837 364 902 427 et
944 381 1052 427 ore
1094 361 1307 427 ferens
1352 362 1605 428 acinum
1649 383 2015 448 semesaque
2059 364 2218 431 lardi

521 447 754 512 Frusta
796 446 997 530 dedit,
1044 447 1308 532 cupiens
1351 447 1524 512 varia
1564 446 1821 512 fastidia
1865 469 2022 513 cena

520 531 792 597 Vincere
836 531 1164 629 tangentis
1208 530 1375 596 male
1421 531 1675 617 singula
1717 529 1905 598 dente
1950 534 2245 621 superb03

522 615 686 683 Cum
726 619 908 700 pater
952 636 1090 700 1pse
1134 615 1360 681 domus
1404 616 1587 700 palea
1629 619 1957 701 porrectus
2000 618 2071 682 in
2116 618 2321 686 horna

518 700 711 766 Esset
751 700 906 764 ador
949 699 1295 782 loliumque
1373 699 1551 784 dapis
1595 701 1860 766 meliora
1898 701 2275 800 relinquens.

407 798 476 849 90
520 784 806 850 Tandem
847 784 1127 850 urbanus
1171 784 1252 849 ad
1294 749 1465 849 bunc
1500 783 1693 860 ‘Quid
1735 788 1799 851 te
1843 786 2041 851 iuvat'
2085 788 2324 873 mquit‚

1610 870 1833 935 ‘amice

518 955 754 1019 Praeru
799 953 852 1018 ti
894 953 1175 1019 nemoris
1219 953 1570 1039 patientem
1613 954 1824 1020 vivere
1845 920 2055 1020 'dorso
2070 956 2104 1020 ’ἒ

516 1037 635 1104 Vis
662 1041 736 1103 tu
823 1039 1068 1104 omines
1101 1039 1444 1123 urbemque
1484 1038 1636 1103 feris
1678 1060 2068 1124 praeponere
2099 1040 2321 1106 silvis?

520 1122 726 1208 Carpe
754 1123 949 1207 viam,
981 1123 1140 1188 mihi
1170 1122 1382 1207 crede,
1426 1143 1638 1188 comes
1648 1172 1667 1207 ‚
1713 1125 2040 1189 terrestria.
2067 1125 2325 1209 quando

517 1207 823 1273 Mortales
867 1208 1108 1273 animas
1152 1207 1377 1272 vivunt
1419 1207 1670 1291 sortita,
1714 1229 1920 1293 neque
1963 1209 2157 1274 ullast

415 1305 481 1356 95
523 1292 658 1357 Aut
684 1314 920 1378 magno
950 1295 1060 1358 aut
1085 1313 1282 1376 parvo
1325 1291 1439 1356 leti
1467 1291 1657 1389 fuga:
1704 1313 1859 1377 quo,
1906 1293 2100 1377 bone,
2134 1294 2323 1379 circa,

518 1375 690 1442 Dum
733 1377 912 1462 licet,
957 1377 1026 1442 in
1067 1377 1256 1441 rebus
1301 1375 1591 1446 iucundls
1633 1376 1776 1440 vive
1820 1376 2071 1461 beatuS,

518 1460 679 1527 Vive
700 1483 970 1546 memor,
1003 1482 1193 1545 quam
1216 1461 1302 1526 sis
1329 1461 1467 1525 aevi
1493 1459 1749 1526 brevis?
1814 1460 1993 1527 Haec
2020 1462 2130 1527 ubi
2153 1462 2328 1527 dicta

518 1546 859 1632 Agrestem
900 1547 1232 1630 pepulere,
1279 1545 1468 1610 domo
1512 1545 1670 1610 levis
1715 1545 1955 1632 exsilit3
2001 1545 2148 1613 inde

519 1630 732 1695 Ambo
774 1630 1173 1715 propositum
1264 1631 1532 1716 eragunt
1574 1629 1723 1714 iter,
1769 1631 1944 1695 urbis
1988 1633 2246 1696 aventes

395 1727 494 1778 100
522 1714 780 1779 Moenia
821 1715 1120 1780 nocturni
1166 1736 1238 1779 su
1283 1735 1522 1798 repere.
1610 1713 1871 1800 Iamque
1914 1715 2171 1780 tenebat

520 1798 670 1864 Nox
711 1799 991 1865 medium
1035 1799 1193 1864 caeli
1235 1799 1544 1884 spatium,
1592 1820 1735 1864 cum
1777 1799 1965 1884 ponit
2004 1801 2270 1883 uterque

519 1881 599 1947 In
640 1883 954 1969 locuplete
1000 1884 1188 1948 domo
1231 1883 1395 1948 vesti
1443 1883 1534 1968 ia,
1578 1884 1771 1948 rubro
1814 1883 1926 1948 ubi
1970 1903 2157 1949 cocco

521 1966 751 2034 Tincta
792 1991 982 2053 super
1023 1968 1222 2034 lectos
1267 1989 1386 2033 can
1431 1970 1565 2033 eret
1606 1967 1801 2033 vestis
1846 1967 2148 2052 eburnos,

522 2052 849 2138 Multaque
893 2053 970 2118 de
1012 2074 1248 2139 magna
1290 2056 1697 2137 superessent
1736 2053 1978 2119 fercula
2022 2074 2207 2137 cena,

399 2148 493 2199 105
525 2135 698 2212 Quae
740 2138 964 2222 procul
1007 2137 1342 2203 exstructis
1385 2137 1637 2202 inerant
1677 2136 1975 2203 hesterna
2003 2137 2334 2203 canistris·

520 2219 697 2306 Ergo
742 2221 852 2285 ubi
893 2245 936 2307 p
1058 2242 1211 2287 urea
1251 2223 1614 2306 porrectum
1658 2221 1728 2286 in
1769 2224 1943 2286 veste
1986 2222 2223 2286 locavit

521 2305 577 2368 A
583 2307 863 2394 grestem
874 2355 893 2390 ‚
937 2328 1013 2370 ve
1038 2306 1133 2370 uti
1177 2305 1536 2370 succinctus
1582 2304 1847 2370 cursitat
1889 2305 2119 2403 hospes

198 2388 996 2540 feo‘ntinuatque
1040 2390 1264 2474 dapes,
1308 2410 1429 2454 nec
1470 2410 1605 2454 non
1646 2390 1971 2455 verniliter
2014 2412 2037 2453 1
2083 2389 2171 2454 sis

176 2544 198 2560 l
521 2475 838 2560 Fungitur
881 2474 1107 2539 officiis
1182 2473 1623 2559 praelambens
1654 2494 1843 2539 omne
1887 2494 2011 2558 quo
2092 2472 2342 2540 adfert.

163 2558 176 2566 ’
400 2576 497 2625 110
526 2560 645 2625 Ille
689 2558 925 2625 cubans
968 2524 1204 2644 gaudet
1244 2561 1488 2623 mutata
1532 2560 1701 2623 sorte
1743 2558 2055 2656 bonisque

521 2643 736 2709 Rebus
780 2644 915 2729 agit
956 2643 1194 2707 laetum
1236 2642 1599 2727 convivam,
1650 2664 1793 2708 cum
1836 2643 2047 2707 sublto
2091 2642 2349 2728 ingens

522 2728 866 2794 Valvarum
909 2728 1208 2812 strepitus
1253 2727 1435 2791 lectis
1480 2727 1757 2793 excussit
1797 2729 2150 2811 utrumque.

525 2812 790 2880 Currere
832 2834 947 2897 per
987 2814 1194 2877 totum
1235 2809 1451 2896 pavidi
1498 2810 1828 2895 conclave,
1874 2832 1978 2874 ma
2031 2812 2044 2824 '
2082 2832 2211 2895 que

524 2897 866 2963 Exanimes
909 2895 1224 2981 trepidare
1303 2894 1491 2959 simul
1536 2894 1760 2960 domus
1805 2894 1935 2959 alta
2049 2895 2298 2960 olossis

401 2995 496 3046 115
524 2981 864 3047 Personuit
896 2982 1175 3046 canibus.
1232 2944 1397 3045 ‘'Pum
1424 2979 1714 3044 rusticus.
1762 2975 1975 3044 ‘Haud
2001 2976 2165 3043 mihi
2197 2980 2359 3047 vita

524 3066 645 3131 Est
673 3085 832 3149 opus
859 3063 1003 3129 hac'
1037 3065 1128 3129 ait
1169 3066 1235 3129 et
1266 3064 1530 3130 ‘valeasz
1565 3085 1668 3128 me
1702 3063 1861 3128 silva
1894 3084 2221 3148 cavusque

523 3148 724 3217 Tutus
768 3148 847 3213 ab
891 3149 1138 3214 insidiis
1181 3150 1359 3216 tenui
1404 3148 1709 3214 solabitur
1758 3154 1952 3213 ervo!
