2514 3950
905 173 1476 229 PROLEGOMENA.
1969 170 2152 228 XXIII

234 324 701 386 Rescribendum
737 323 1103 384 existimavit
1127 323 1440 383 Bentleius
1469 323 1702 396 auspice
1724 322 1965 382 Phoebo.
2001 323 2154 382 Mihi

236 417 337 474 sat
367 413 521 473 bene
556 411 807 472 retineri
840 411 1083 473 videtur
1116 429 1294 489 posse
1330 411 1600 487 vulgata,
1640 411 1847 471 eodem
1884 411 1936 470 si
1972 430 2155 472 sensu

235 502 557 578 accipimus
592 500 744 560 illud
783 517 1020 576 auspex,
1061 520 1178 578 quo
1214 500 1506 560 Horatius
1544 503 1735 559 semet
1768 500 1966 576 ipsum
2004 500 2153 560 dixit

235 591 538 667 auspicem
578 608 676 663 111,
726 592 830 664 27,
875 591 935 649 8.

366 697 408 755 1,
446 680 505 739 8.
550 676 824 738 Videnda
859 695 1031 754 quae
1047 676 1121 736 de
1157 677 1271 738 hoc
1307 676 1567 737 carmine
1604 675 1727 734 dixi
1752 695 1911 736 -.mus
1961 678 2151 737 Rhen.

233 767 419 841 XXV,
469 769 592 828 561
644 785 772 843 sqq.

370 858 436 932 9,
495 859 635 915 9—
651 857 753 914 12.
852 853 1050 914 Minus
1109 855 1273 914 recte
1330 853 1441 913 hos
1505 871 1713 913 versus
1780 814 2151 930 suspectatos

236 962 368 1004 esse
406 962 616 1004 censeo
653 961 692 1001 a
726 941 1043 1021 Meinekio‚
1087 941 1192 1019 qui
1236 936 1665 1013 ταυτολογίαν
1708 942 1792 1001 eis
1831 943 2155 1018 exprobrat

234 1032 692 1092 intolerabilem.
790 1031 952 1107 Apte
1010 1049 1154 1092 vero
1211 1030 1443 1091 faciunt
1500 1029 1577 1089 ad
1643 1030 1889 1090 deorum
1945 1031 2154 1106 poten-

234 1120 388 1177 tiam
429 1121 607 1195 plene
653 1118 1098 1195 declarandam,
1153 1135 1303 1176 cum·
1333 1117 1563 1178 acriore
1608 1119 1771 1179 vocis
1823 1119 2154 1179 intentione

235 1207 494 1285 proferri
555 1208 830 1282 oporteat
892 1204 1044 1265 illud
1105 1208 1232 1280 qui,
1292 1208 1364 1265 ut
1423 1223 1632 1265 sensus
1699 1205 1783 1264 sit
1833 1208 2154 1267 verborum

235 1296 333 1355 hic
389 1289 504 1355 ‘dei
557 1313 694 1354 cum
751 1294 963 1354 iubent
1026 1293 1301 1370 componi
1360 1295 1777 1372 tempestates,
1845 1313 1921 1354 ne
1975 1296 2155 1356 vesti-

233 1385 405 1460 gium
457 1383 696 1461 quidem
759 1382 1000 1459 pristini
1060 1383 1358 1443 tumultus
1421 1382 1486 1442 in
1547 1381 1767 1442 mundo
1832 1377 2154 1445 remanet'.

236 1471 521 1532 Ceterum
566 1473 640 1534 cf.
676 1471 827 1532 Stat.
864 1471 1028 1531 theb.
1063 1490 1115 1546 1,
1162 1474 1314 1549 479,
1361 1473 1463 1531 80.

367 1563 551 1637 1,10.
609 1559 886 1620 Videnda
921 1578 1074 1637 quae
1112 1559 1265 1678 dixit
1300 1558 1374 1620 de
1410 1561 1523 1620 hoc
1557 1560 1781 1666 hymno
1814 1559 1881 1620 Ο.
1906 1560 2153 1620 Iahnius

234 1649 496 1708 Hermae
538 1651 832 1726 111,187.

368 1757 408 1814 1,
459 1739 559 1799 12.
631 1737 761 1797 Hoc
806 1737 1065 1796 carmine
1112 1736 1287 1813 quasi
1330 1755 1437 1811 per
1482 1736 1792 1812 dialogum
1835 1735 2155 1797 Horatium

237 1827 435 1902 egisse
464 1844 600 1885 cum
628 1824 775 1903 Clio,
810 1826 915 1902 ita,
945 1828 1014 1884 ut
1039 1825 1286 1885 mortali
1310 1843 1401 1883 ΧΠ
1426 1825 1657 1901 priores
1684 1843 1913 1899 versus,
1940 1826 2152 1886 Musae

234 1914 454 1992 reliqui
497 1914 802 1991 cederent,
861 1914 1079 1972 statuit
1120 1913 1375 1972 Iacobus
1419 1913 1814 1990 Bernaysius,
1870 1913 1974 1973 sed
2021 1933 2155 1991 per-

235 2021 460 2077 peram.
496 2002 790 2061 ‘Videnda
826 2020 979 2077 quae
1011 2020 1160 2059 mus.
1215 2002 1331 2061 Rh.
1352 2001 1537 2075 XXV,
1569 2004 1693 2060 563
1724 2021 1851 2077 sqq.
1879 2003 2154 2065 disserui.

368 2089 461 2148 Ib.
503 2093 558 2148 1.
600 2091 656 2149 2.
697 2091 753 2148 3.
826 2088 1026 2147 Debet
1068 2088 1288 2147 mirum
1331 2087 1524 2149 videri
1570 2107 1674 2147 cur
1716 2089 2006 2149 Horatius
2053 2110 2155 2149 ne-

237 2178 436 2253 glecto
473 2176 719 2237 Pindari
755 2178 1023 2252 exemplo
1071 2179 1132 2236 et
1166 2175 1515 2252 posthabito
1561 2178 1824 2236 naturali
1861 2197 2153 2255 quemque

235 2265 366 2342 ipse
405 2266 611 2326 statim
649 2265 995 2327 observavit
1039 2265 1246 2324 ordine
1291 2266 1557 2326 virorum
1597 2265 1767 2341 prius
1805 2268 1869 2326 et
1903 2267 2154 2327 heroum

237 2373 418 2431 quam
450 2354 694 2415 deorum
726 2355 1092 2414 mentionem
1125 2354 1415 2414 iniecerit.
1472 2351 1655 2413 Cuius
1690 2354 1782 2413 rei
1811 2373 1964 2431 quae
1994 2358 2154 2415 esset

237 2461 444 2518 causa,
492 2443 548 2501 d.
584 2463 634 2500 r.
670 2463 749 2502 m.
784 2462 885 2519 pg.
925 2444 1052 2502 279
1100 2442 1489 2502 ostendimus.

374 2533 477 2606 12,
526 2532 759 2590 9—12.
847 2528 1101 2590 Omnino
1149 2531 1570 2590 secludendam
1616 2530 1953 2593 existimavi
1998 2532 2151 2591 hanc

237 2619 551 2694 stropham
594 2619 716 2677 iam
761 2618 931 2678 annis
978 2618 1194 2678 abhinc
1236 2635 1388 2697 xxv3
1431 2637 1572 2678 nam
1616 2622 1688 2678 ut
1731 2620 1851 2679 alia
1893 2621 2149 2696 mittam,

234 2708 509 2783 ineptum
569 2709 664 2766 est
720 2710 784 2766 et
841 2708 1110 2783 exemplo
1171 2723 1378 2766 carens
1442 2708 1558 2767 dici
1617 2706 1860 2783 Orphea
1911 2726 2153 2782 quercus

236 2795 478 2855 duxisse
514 2794 750 2871 fidibus,
788 2798 1110 2871 postquam
1143 2797 1321 2856 modo
1358 2796 1595 2855 dixerat
1626 2796 1915 2855 Horatius
1952 2798 2150 2865 silvas,

235 2900 494 2960 quarum
549 2885 613 2942 et
664 2883 831 2959 ipsae
884 2903 1027 2960 pars
1083 2888 1226 2944 sunt
1279 2902 1546 2958 quercus,
1609 2885 1784 2943 illum
1841 2888 2152 2945 canentem

234 2990 368 3033 esse
426 2972 747 3033 insecutas,
853 2973 1083 3049 Nempe
1145 2973 1307 3049 quod
1367 2990 1545 3049 saepe
1610 2976 1930 3033 occurrunt
1991 2974 2153 3051 apud

234 3062 446 3136 poetas
492 3060 715 3120 similia
759 3079 912 3137 quae
964 3060 1286 3121 videantur
1337 3062 1534 3121 minus
1589 3062 1837 3123 curiosis
1887 3066 1957 3122 ut
2000 3063 2155 3121 illud

235 3144 395 3226 ‘quis
441 3151 624 3226 neget
669 3150 874 3230 arduis
919 3168 1138 3226 pronos
1183 3150 1377 3210 relabi
1420 3169 1598 3227 posse
1643 3152 1803 3211 rivos
1847 3152 2151 3211 montibus

234 3239 300 3296 et
344 3238 614 3298 Tiberim
656 3239 880 3298 reverti
891 3232 930 3314 '‚
975 3238 1335 3298 monendum
1379 3239 1492 3298 tali
1536 3240 1893 3315 condicione,
1937 3243 2009 3299 ut
2053 3258 2152 3299 res

234 3327 522 3401 postulat,
559 3328 849 3405 exempla,
887 3345 1039 3403 quae
1075 3327 1381 3387 adduntur
1415 3328 1641 3404 generi,
1687 3328 1882 3405 magis
1926 3328 2153 3388 scilicet

233 3411 498 3473 vividam
532 3433 601 3474 ac
635 3417 1014 3493 perspicuam
1048 3416 1361 3476 redditura
1397 3416 1747 3494 orationem,
1786 3417 1990 3476 statim
2019 3434 2153 3476 con-
