2514 3950
366 1381 432 1430 10

364 1849 430 1900 15

1124 146 1519 204 cARmNVM

1261 380 1366 453 XI

534 511 701 588 Quid
749 511 1090 577 bellicosus
1135 509 1456 576 Cantaber
1500 513 1565 575 et
1607 511 1906 597 Scythes,

532 595 806 680 Hirpine
850 595 1101 678 Quinti,
1147 595 1390 680 cogitet
1429 593 1673 660 Hadria

615 679 876 745 Divisus
919 678 1199 761 obiecto,
1243 678 1532 745 remittas

713 763 1056 846 Quaerere,
1099 784 1218 827 nec
1263 762 1542 850 trepides
1586 763 1658 827 in
1697 785 1883 829 usum

531 897 864 962 Poscentis
907 897 1045 962 aevi
1085 918 1317 982 pauca:
1368 898 1538 982 fugit
1577 901 1748 962 retro

532 981 720 1046 Levis
763 981 1051 1046 iuventas
1096 983 1162 1046 et
1203 981 1423 1065 decor,
1470 981 1645 1046 arida

618 1064 905 1130 Pellente
955 1065 1224 1130 lascivos
1269 1086 1516 1130 amores

714 1148 964 1215 Canitie
1004 1149 1385 1232 facilemque
1428 1160 1740 1215 somnum.

531 1284 686 1351 Non
729 1306 977 1369 semper
1019 1283 1188 1347 idem
1230 1283 1494 1348 floribus
1539 1287 1639 1349 est
1678 1283 1885 1349 honor

537 1367 770 1433 Vernis
781 1418 800 1453 ,
844 1388 1050 1452 neque
1091 1387 1221 1431 uno
1273 1367 1425 1431 luna
1464 1367 1698 1432 rubens
1740 1369 1905 1431 nitet

616 1448 850 1516 Voltu:
908 1450 1059 1535 quid
1103 1451 1378 1515 aeternis
1421 1451 1735 1516 minorem
1893 1452 1898 1455 ’

714 1533 1016 1600 Consiliis
1060 1535 1342 1599 animum
1383 1534 1662 1620 fatigas?

533 1668 665 1735 Cur
705 1689 841 1732 non
883 1669 1001 1733 sub
1044 1670 1174 1734 alta
1214 1671 1319 1734 vel
1359 1670 1621 1754 platano
1665 1671 1767 1736 vel
1807 1669 1927 1735 hac

532 1752 701 1817 Pinu
742 1753 1021 1818 iacentes
1065 1754 1158 1818 sic
1201 1757 1440 1818 temere
1485 1756 1551 1818 e't
1591 1775 1738 1818 rosa

620 1835 831 1902 Canos
876 1837 1123 1903 odorati
1167 1837 1462 1921 capillos,

709 1920 880 1987 Dum
922 1922 1102 2007 licet,
1150 1921 1541 2006 Assyrioque
1585 1922 1785 1987 nardo

531 2057 835 2123 Potamus
879 2057 1104 2138 uncti?
1190 2055 1482 2140 Dissipat
1521 2055 1769 2121 Euhius

533 2139 733 2206 Guras
778 2140 1020 2204 edaces.
1108 2138 1265 2215 Quis
1307 2161 1466 2224 puer
1508 2140 1683 2204 ocius

612 2224 998 2308 Restinguet
1041 2222 1322 2286 ardentis
1365 2222 1620 2288 Falerni

705 2305 946 2370 Pocula
984 2307 1424 2388 praetereunte
1466 2308 1770 2392 lympha?

531 2440 688 2517 Quis
734 2439 987 2505 devium
1029 2443 1310 2504 scortum
1353 2442 1566 2506 eliciet
1606 2442 1794 2507 domo

529 2523 795 2608 Lyden?
882 2523 1145 2589 Eburna
1155 2574 1174 2608 ‚
1228 2525 1329 2589 dic
1373 2547 1520 2673 αἵ),
1567 2546 1710 2590 cum
1751 2528 1888 2610 lyra

614 2606 924 2690 Maturet,
967 2608 1359 2692 incomptam
1456 2630 1724 2674 acaenae

706 2689 889 2755 More
933 2712 1181 2756 comam
1223 2694 1496 2779 religata
1537 2693 1735 2759 nodo!

1237 3033 1397 3108 XII.
1651 3093 1654 3096 n

528 3161 716 3228 Nolis
759 3164 958 3262 longa
999 3164 1171 3228 ferae
1221 3164 1389 3228 bella
1429 3162 1817 3230 Numantiae
1933 3207 1939 3212 -

528 3245 668 3312 Nec
711 3247 919 3313 darum
960 3247 1389 3311 Hannibalem
1431 3269 1551 3312 nec
1596 3246 1877 3312 Siculum
1918 3268 2093 3313 mare

529 3328 746 3395 Poeno
791 3352 1180 3415 purpureum
1225 3352 1255 3394 s
1435 3331 1449 3345 ⁰
1501 3352 1535 3395 e
1578 3328 1879 3394 mollibus

614 3414 847 3497 Aptari
891 3412 1169 3477 citharae
1210 3434 1317 3477 mo
1388 3435 1417 3477 s
1428 3462 1448 3497 ,
