2514 3950
252 196 340 269 x.]
1062 189 1279 247 mmm
1319 192 1363 250 1.
2059 186 2179 250 153

252 355 620 441 Ingenium,
666 354 875 439 capsis
919 375 1107 438 quem
1149 354 1386 418 famast
1429 374 1566 418 esse
1609 355 1915 439 librisque

251 441 638 505 Ambustum
725 439 976 523 ropriis.
1063 438 1287 503 Fuerit
1327 437 1608 502 Lucilius
1621 487 1641 521 ,
1683 440 1976 524 inquam,

249 524 466 591 Comis
512 526 577 589 et
615 546 694 589 ur
737 545 927 606 anus,
971 522 1165 588 fuerit
1207 523 1490 587 limatior
1531 521 1732 606 idem,
2113 535 2179 586 65

254 609 459 685 Quam
501 607 677 672 rudis
721 612 786 673 et
830 606 1091 673 Graecis
1134 607 1363 672 intacti
1407 607 1724 672 carminis.
1751 610 1972 672 auctor

252 693 581 777 Quamque
622 695 957 778 poetarum
1001 693 1325 757 seniorum
1366 692 1584 777 turba3
1631 691 1743 757 sed
1785 692 1927 775 ille,

251 776 318 843 Si
359 778 528 842 foret
567 776 690 842 hoc
733 779 1029 841 nostrum
1070 776 1203 841 fato
1248 777 1483 841 dilatus
1527 776 1598 841 in
1641 797 1898 859 aevum,

248 860 582 926 Detereret
624 862 747 925 sibi
788 862 1021 945 multa,
1065 861 1375 926 recideret
1419 882 1607 925 omne
1652 861 1823 945 quod
1866 862 2035 926 ultra

248 946 608 1011 Perfectum
648 944 1036 1027 traheretur,
1082 947 1147 1008 et
1187 945 1259 1008 in
1300 965 1487 1008 versu
1530 945 1822 1010 faciendo
2114 958 2181 1008 το

251 1028 451 1114 Saepe
496 1031 688 1110 caput
732 1028 1047 1108 scaberet,
1091 1028 1273 1091 vivos
1317 1032 1383 1091 et
1423 1028 1677 1092 roderet
1718 1051 1985 1115 ungues,

252 1111 454 1195 Saepe
484 1112 702 1175 stilum
742 1113 982 1193 vertas,
1026 1110 1260 1175 iterum
1289 1131 1448 1193 quae
1492 1110 1556 1174 di
1650 1133 1689 1174 a
1730 1113 1862 1197 legi
1891 1114 2021 1177 sint

252 1194 644 1280 ScripturuS,
688 1215 895 1278 neque
936 1197 1001 1259 te
1044 1197 1117 1258 ut
1158 1195 1425 1258 miretur
1467 1197 1573 1258 tur
1617 1216 1656 1258 a
1698 1194 1981 1279 labores,

251 1277 608 1346 Contentus
650 1279 869 1362 paucis
914 1279 1277 1343 lectoribus,
1359 1280 1467 1342 An
1510 1283 1623 1343 tua
1667 1279 1925 1345 demens

248 1363 501 1430 Vilibus
545 1364 617 1427 in
658 1363 824 1427 ludis
870 1362 1095 1427 dictari
1139 1363 1424 1427 earmina
1465 1363 1696 1427 malis?
2115 1378 2176 1428 75

248 1448 313 1513 N
315 1469 401 1513 on
445 1468 596 1533 ego:
640 1469 793 1511 nam
837 1448 991 1511 satis
1047 1450 1146 1512 est
1189 1448 1468 1531 equitem
1511 1447 1707 1595 mihid
1724 1447 2054 1533 plaudere,

1466 1535 1541 1595 ut
1583 1554 1664 1595 au
1709 1553 1789 1595 ax

248 1616 650 1701 Contemptis
695 1617 836 1681 aliis
851 1665 870 1700 ,
916 1637 951 1681 e
1039 1616 1179 1680 losa
1221 1616 1585 1680 Arbuscula
1629 1580 1817 1680 dixit?

246 1701 402 1766 Men
443 1704 697 1766 moveat
740 1700 944 1765 cimex
1039 1701 1301 1765 anfilius
1315 1750 1333 1784 ,
1380 1704 1491 1764 aut
1535 1701 1772 1766 cruciet
1815 1700 1983 1784 quod

247 1785 526 1851 Vellicet
569 1786 897 1849 absentem
939 1784 1303 1849 Demetrius
1314 1834 1332 1869 ,
1379 1787 1488 1849 aut
1531 1785 1702 1868 quod
1744 1785 1998 1868 ineptus

247 1868 533 1938 Fannius
576 1868 1008 1953 Hermogenis
1052 1869 1265 1932 laedat
1308 1870 1577 1933 conviva
1622 1868 1899 1954 Tigelli?
2113 1882 2182 1932 80

248 1953 495 2018 Plotius
540 1955 603 2017 et
644 1951 910 2035 Varius,
952 1951 1290 2029 Maecenas
1332 1951 1810 2039 Vergiliusque,

249 2035 519 2121 Valgius
564 2039 629 2101 et
667 2037 898 2120 probet
938 2036 1097 2102 haec
1142 2037 1442 2102 Octavius
1487 2039 1766 2121 optimus
1811 2040 2000 2121 atque

248 2120 492 2185 Fuscus
538 2123 603 2185 et
642 2119 802 2184 haec
844 2120 1091 2184 utinam
1120 2119 1457 2185 Viscorum
1501 2122 1718 2186 laudet
1757 2124 2050 2206 uterque!

247 2204 621 2269 Ambitione
661 2205 947 2290 relegata
987 2207 1052 2269 te
1098 2205 1304 2270 dicere
1347 2227 1638 2291 possum,

248 2288 432 2353 Polio
507 2292 601 2372 te,
645 2288 973 2371 Messalla,
1019 2293 1130 2353 tuo
1176 2311 1322 2361 eum
1365 2290 1594 2374 fratre,
1643 2291 1834 2355 simul
1876 2313 1956 2355 ue
2113 2303 2181 2353 85

246 2372 414 2457 VoS,
444 2339 673 2437 l3ibule
704 2375 768 2437 et
796 2372 1007 2457 Servi,
1050 2375 1240 2438 simul
1267 2374 1369 2438 his
1397 2376 1491 2457 te,
1525 2374 1791 2438 candide
2001 2375 2014 2389 '

250 2456 392 2522 Con
436 2458 606 2522 lures
651 2457 812 2521 alios
824 2507 843 2541 ,
889 2458 1109 2522 doctos
1155 2478 1276 2542 ego
1323 2478 1481 2541 quos
1528 2461 1592 2521 et
1634 2459 1873 2523 amicos

247 2479 537 2604 Prudens
558 2543 904 2623 praetereo,
929 2542 1157 2625 quibus
1179 2541 1358 2625 haec,
1403 2542 1531 2605 sint
1552 2542 2052 2626 qualiacumque,

248 2624 550 2688 Arridere
593 2625 815 2709 velim,
859 2625 1169 2690 doliturus
1183 2675 1202 2709 ,
1247 2627 1303 2690 si
1346 2626 1641 2709 placeant
1683 2648 1713 2690 s
1761 2649 1795 2691 e

248 2707 546 2773 Deterius
590 2711 831 2773 nostra.
921 2709 1240 2794 Demetri,
1286 2714 1505 2794 teque,
1551 2650 1814 2793 Tigefii,
2113 2724 2180 2774 90

246 2792 721 2877 Discipularum
763 2794 930 2857 inter
972 2795 1161 2859 iubeo
1250 2795 1459 2857 lorare
1502 2792 1850 2857 cathedras

245 2876 311 2961 1,
354 2899 541 2963 puer,
586 2880 776 2962 atque
820 2899 964 2943 meo
1011 2879 1171 2943 citus
1265 2898 1373 2940 aec
1419 2875 1745 2940 subscribe
1786 2876 2026 2942 libello.
