2514 3950
169 45 407 221 s
423 110 528 196 ,62
1160 132 1584 189 sAmARvM
2213 135 2334 208 [111.

403 311 468 360 45
536 298 865 361 Autumat.
952 295 1132 360 Haec
1173 295 1480 380 populos,
1535 294 1694 360 haec
1735 316 2003 382 magnos
2056 296 2335 362 formula

1623 400 1692 443 re
1741 401 1808 444 es

532 465 820 548 Excepto
867 463 1182 548 sapiente,
1225 465 1422 528 tenet.
1509 401 1879 528 Nuncgacci
1926 484 1988 548 e,
2035 485 2225 548 quare

530 549 870 634 Desipiant
912 569 1133 612 omnes
1176 568 1374 631 aeque
1417 567 1492 611 ac
1534 550 1634 631 tu,
1679 548 1787 630 qui
1829 549 1882 612 ti
1925 549 1949 612 i
1990 570 2226 613 nomen

530 634 772 698 Insano
814 653 1101 717 posuere.
1189 630 1385 696 Velut
1428 631 1634 715 silvis,
1677 631 1787 695 ubi
1830 633 2069 716 passim

528 719 828 783 Palantes
875 736 1049 780 error
1094 716 1267 780 certo
1313 715 1390 779 de
1434 716 1690 780 tramite
1778 716 1942 800 ellit,

406 814 473 865 50
537 803 656 867 Ille
679 801 1136 883 sinistrorsum,
1166 798 1275 864 hic
1295 799 1694 864 dextrorsum
1717 822 1755 864 a
1798 801 1870 884 it,
1891 823 2057 865 unus
2078 802 2333 886 utrique

531 886 761 969 Error,
807 884 919 949 sed
960 884 1153 948 variis
1197 883 1432 948 inludit
1474 885 1791 968 partibus:
1835 885 1960 950 hoc
2002 888 2066 950 te

531 969 726 1035 Crede
768 968 956 1034 modo
999 969 1328 1052 insanum,
1371 968 1574 1033 nihilo
1618 972 1691 1033 ut
1733 970 2084 1053 sapientior
2125 970 2264 1054 ille,

529 1054 653 1130 Qui
695 1057 761 1118 te
803 1053 1076 1136 deridet,
1122 1053 1391 1119 caudam
1432 1052 1664 1118 trahat.
1737 1053 1859 1118 Est
1900 1076 2103 1138 genus
2131 1074 2332 1120 unum

530 1137 850 1204 Stultitiae
892 1137 1168 1202 nihilum
1209 1137 1551 1202 metuenda
1589 1138 1903 1222 timentis,
1947 1142 2022 1203 ut
2062 1139 2244 1224 ignes
2256 1188 2277 1222 ‚

402 1237 466 1286 55
530 1222 623 1289 Vt
662 1231 853 1308 rupes
895 1223 1245 1307 fluviosque
1287 1223 1358 1286 in
1402 1243 1624 1306 campo
1670 1222 1926 1288 obstare
1970 1225 2287 1306 queratur.

527 1308 824 1372 Alterum
866 1309 932 1372 et
970 1306 1122 1372 huic
1163 1329 1385 1372 varum
1415 1309 1480 1371 et
1520 1305 1723 1371 nihilo
1754 1307 2104 1392 sapientius
2146 1308 2330 1392 ignes

527 1391 652 1456 Per
692 1391 933 1457 medios
975 1391 1327 1475 fluviosque
1368 1391 1642 1456 ruentis:
1690 1392 1921 1457 clamet
1964 1392 2165 1456 amica

527 1475 737 1541 Mater
817 1474 1093 1540 honesta
1135 1496 1317 1540 soror
1359 1497 1503 1540 cum
1546 1477 1868 1561 cognatis,
1919 1480 2127 1560 pater,
2170 1498 2335 1542 uxor

530 1559 679 1624 ‘Hic
721 1525 897 1624 fossa
926 1562 1024 1624 est
1064 1562 1325 1645 ingens,
1368 1559 1476 1624 hic
1507 1581 1583 1624 ru
1629 1581 1696 1625 es
1740 1561 2045 1625 maxima:
2091 1565 2332 1627 serval'

402 1658 469 1707 60
531 1643 597 1710 N
598 1665 686 1707 on
726 1642 935 1728 magis
979 1642 1278 1727 audierit,
1325 1664 1516 1727 quam
1656 1645 1775 1710 fius
1820 1646 2030 1710 ebrius
2074 1646 2258 1730 olim,

529 1727 693 1792 Cum
735 1725 1008 1791 Ilionam
1053 1727 1352 1811 edormit,
1400 1727 1685 1794 Catienis
1727 1729 1902 1794 mille
1948 1730 2233 1795 ducentis

532 1812 763 1875 ‘Mater
772 1860 792 1896 ‚
822 1814 887 1876 te
910 1811 1185 1896 adpello'
1235 1813 1675 1880 clamantibus.
1750 1813 1919 1890 Huic
1951 1836 2069 1900 ego
2098 1814 2335 1900 volgus

526 1896 750 1961 Errori
792 1896 1097 1962 similem*
1112 1900 1411 1963 cunctum
1453 1899 1734 1964 insanire
1779 1898 2040 1965 docebo,

527 1982 779 2047 Insanit
818 1985 1062 2047 veteres
1107 1985 1352 2048 statuas
1394 1982 1821 2068 Damasippus
1868 1985 2167 2049 emendo:

400 2078 466 2130 65
531 2067 792 2164 Integer
835 2070 932 2131 est
971 2068 1205 2131 mentis
1244 2067 1622 2216 Damasippi
1665 2067 1980 2133 creditor?
2047 2068 2227 2135 Esto.

529 2151 792 2233 ‘Acclpe
823 2149 993 2232 quod
1011 2172 1361 2234 numquam
1388 2152 1500 2216 red
1546 2174 1615 2217 as
1644 2152 1826 2217 mihi’
1859 2153 1915 2216 si
1944 2154 2063 2218 tibi
2092 2153 2336 2220 dicam:

527 2234 708 2297 Tune
750 2234 1014 2297 insanus
1058 2235 1181 2298 eris
1227 2234 1282 2298 si
1328 2237 1676 2320 acceperis,
1732 2258 1815 2301 an
1858 2239 2063 2336 magis
2109 2259 2339 2304 excors

526 2317 789 2382 Reiecta
830 2317 1066 2401 praeda
1077 2366 1096 2401 ‚
1141 2339 1333 2402 quam
1376 2341 1675 2403 praesens
1718 2320 2071 2387 Mercurius
2112 2322 2289 2387 fert?

528 2400 746 2465 Scribe
777 2401 993 2466 decem
1022 2424 1062 2467 a
1087 2401 1315 2469 Nerio:
1360 2424 1495 2468 non
1523 2406 1621 2469 cst
1650 2406 1831 2491 satis3
1876 2406 2037 2471 adde
2068 2405 2341 2474 Cicutae

399 2498 467 2547 ’το
530 2484 594 2550 N
598 2483 776 2549 odosi
818 2486 1070 2551 tabulas
1115 2490 1400 2573 centum,
1444 2489 1622 2554 mille
1669 2489 1828 2554 adde
1874 2494 2159 2576 catenas3

527 2568 814 2653 Effugiet
853 2572 1071 2635 tamen
1112 2571 1271 2636 haec
1316 2574 1657 2638 sceleratus
1699 2574 1955 2639 vincula
1995 2576 2292 2642 Proteus.

528 2651 691 2718 Cum
732 2654 942 2738 rapies
986 2655 1057 2719 in
1098 2654 1197 2719 ius
1242 2657 1429 2720 malis
1472 2657 1786 2723 ridentem
1831 2660 2055 2724 alienis
2067 2709 2085 2743 ,

526 2737 669 2802 Fiet
696 2760 877 2822 aper,
922 2739 1110 2804 modo
1144 2739 1312 2823 avis,
1356 2741 1545 2805 modo
1577 2763 1800 2891 saxssm
1830 2747 1921 2826 et,
1967 2764 2109 2808 cum
2138 2745 2344 2831 volet,

1620 2848 1690 2890 ar
1735 2849 1824 2892 or.

527 2906 597 2972 Si
638 2908 805 2972 male
848 2930 981 2973 rem
1026 2930 1246 2994 gerere
1291 2909 1592 2993 insanist,
1638 2914 1861 2976 contra
1903 2913 2097 2995 bene,
2157 2916 2346 2982 sam‘:

398 3001 463 3053 '15
527 2990 819 3056 Putidius
861 2993 1063 3056 multo
1110 2992 1528 3076 cerebrumst‚
1573 2995 1732 3060 mihi
1775 2996 1958 3061 crede
1970 3046 1989 3081 ‚
2033 2996 2264 3063 Perilli

526 3073 877 3157 metantis,
924 3075 1093 3159 quod
1134 3078 1207 3139 tu
1250 3098 1598 3161 numquam
1626 3081 1971 3145 rescribere
2013 3082 2250 3165 possis.

521 3158 766 3223 Audire
810 3161 999 3243 atque
1042 3162 1263 3244 togam
1306 3162 1492 3227 iubeo
1536 3185 1922 3249 conponere,
1968 3165 2266 3249 quisquis

522 3243 895 3307 Ambitione
937 3244 1108 3308 mala
1152 3248 1261 3309 aut
1304 3248 1555 3332 argenti
1596 3249 1796 3332 pallet
1839 3270 2083 3333 amore,

524 3326 824 3410 Quisquis
869 3328 1117 3392 luxuria
1140 3329 1405 3395 tristive
1451 3332 1901 3416 superstitione

393 3421 462 3473 80
525 3411 662 3476 Aut
702 3412 827 3477 alio
871 3412 1102 3477 mentis
1146 3415 1372 3479 morbo
1418 3416 1609 3501 calet3
1654 3416 1779 3482 huc
1821 3418 2083 3502 propius
2127 3439 2238 3485 me
2256 3469 2281 3505 ,
