2514 3950
383 103 425 164 8
1161 103 1558 161 cfflmvu
2165 105 2321 177 [vn.

383 282 451 331 25
517 267 683 345 ‘Quo
726 288 847 333 nos
891 288 1158 352 cumque
1201 267 1369 333 feret
1407 267 1634 332 melior
1675 265 1934 331 fortuna
1972 269 2278 351 parente,

595 352 870 437 Ibimus,
916 373 953 416 o
999 352 1157 417 socii
1202 352 1620 435 comitesque!

511 436 627 504 Nil
671 435 1131 521 desperandum
1154 436 1398 501 Teucro
1443 435 1600 501 duce
1644 437 1710 499 et
1750 435 2005 518 auspice
2035 434 2322 502 Teucro:

599 519 825 587 Certus
871 521 1043 585 enim
1085 520 1383 604 promisit
1423 520 1690 603 Apollo,

426 718 427 721 ,
510 656 706 720 Ambi
798 677 902 719 am
942 655 1171 719 tellure
1211 675 1380 719 nova
1423 653 1750 720 Salamina
1789 652 2090 719 futuram.

387 753 456 802 3ο
603 738 657 804 Ο
731 742 902 804 ortes
944 739 1288 823 peioraque
1330 739 1506 823 passi

513 823 768 888 Mecum
811 844 1001 907 saepe
1043 823 1192 905 viri,
1235 844 1409 887 nunc
1451 823 1601 887 vino
1644 822 1862 906 pellite
1907 842 2121 906 curas;

600 905 758 973 Cras
800 907 1029 993 ingens
1072 907 1442 972 iterabimus
1486 914 1768 990 aequor!

1245 1179 1442 1254 VIII.

512 1311 742 1397 Lydia,
789 1312 923 1396 dic,
967 1332 1082 1395 per
1125 1332 1347 1375 omnes

600 1397 691 1461 Te
734 1395 887 1460 deos
932 1415 1074 1481 or0,
1120 1393 1394 1477 Sybarin
1436 1415 1548 1459 cur
1589 1413 1890 1479 properes
1935 1393 2214 1459 amando

514 1479 815 1565 Perdere3
862 1500 972 1543 cur
1014 1478 1301 1562 apricum

602 1562 826 1628 Oderit
867 1584 1162 1646 campum
1173 1611 1192 1646 ‚
1235 1563 1486 1646 patiens
1528 1563 1806 1646 pulveris
1850 1564 2039 1646 atque
2084 1563 2245 1628 solis
2259 1564 2300 1629 *Ρ

386 1711 421 1762 5
517 1698 650 1765 Cur
692 1718 899 1781 neque
941 1697 1245 1764 militares

597 1782 777 1846 Inter
819 1782 1114 1865 aequales
1158 1782 1429 1879 equitat,
1476 1781 1722 1848 Gallica
1762 1803 1883 1847 nec
1924 1781 2164 1864 lupatis

524 1867 866 1950 Temperat
910 1887 1024 1931 ora
1063 1866 1309 1931 frems?
1887 1876 1895 1884 ‘
2208 1874 2216 1881 '

601 1950 732 2018 Cur
772 1952 959 2017 timet
983 1951 1217 2036 flavum
1247 1950 1531 2035 Tiberim
1558 1949 1867 2037 tangere?
1915 1948 2045 2016 Cur
2074 1949 2332 2019 olivum

516 2086 843 2172 Sanguine
885 2087 1174 2182 viperino

389 2183 456 2232 10
604 2169 868 2236 Cautius
912 2171 1099 2252 vitat,
1143 2190 1349 2253 neque
1391 2171 1523 2235 iam
1565 2169 1759 2234 livida
1800 2172 2014 2255 gestat
2055 2172 2261 2237 armis
2454 2161 2457 2289 ι

513 2254 839 2334 Bracchia,
862 2273 1051 2336 saepe
1095 2253 1299 2338 disco,

601 2337 801 2421 Saepe
842 2340 1020 2401 trans
1064 2338 1255 2402 finem
1299 2339 1507 2404 iaculo
1551 2339 1788 2403 nobilis
1832 2337 2125 2422 expedito
2138 2338 2177 2403 ⁶?

517 2470 685 2547 Quid
726 2472 914 2554 latet,
960 2475 1035 2537 ut
1072 2474 1358 2539 marinae
2453 2389 2454 2462 1

600 2554 835 2619 Filium
880 2555 1126 2656 dicunt·
1142 2557 1431 2623 Thetidis
1476 2558 1592 2624 sub
1637 2557 1977 2622 lacrimosa
2019 2555 2261 2625 Troiae
2450 2573 2453 2637 Ι

390 2651 454 2701 15
514 2638 792 2723 Funera,
836 2661 920 2705 ne
962 2642 1163 2708 virihs

599 2721 823 2789 Cultus
852 2725 923 2789 in
953 2727 1209 2792 caedem
1239 2729 1306 2791 et
1331 2727 1559 2809 Lycias
1596 2725 1953 2809 proriperet
1979 2727 2335 2797 catervas?

1228 2996 1461 3070 VI[[[.

512 3127 709 3193 Vides
751 3131 824 3193 ut
866 3130 998 3194 alta
1043 3130 1170 3192 stet
1209 3128 1359 3191 nive
1405 3126 1747 3193 candidum

513 3208 772 3278 Soracte
785 3262 805 3296 ‚
850 3233 971 3277 nec
1012 3212 1142 3275 iam
1186 3210 1549 3276 sustineant
1592 3232 1753 3277 onus

599 3295 807 3362 Silvae
850 3296 1213 3360 laborantes
1226 3344 1243 3378 ,
1290 3295 1564 3381 geluque

687 3378 986 3443 Flumina
1029 3380 1434 3447 constiterint
1476 3384 1685 3448 acuto.
