2514 3950
332 125 569 181 XXVIII
1012 124 1579 181 PROLEGOMENA.

337 275 495 351 quod
552 274 616 332 in
678 291 890 345 ,versus
953 273 1308 350 paenultimi
1374 274 1630 333 secundo
1689 271 1888 330 iambo
1948 271 2264 331 invenitur

336 363 698 422 vocabulum
739 363 805 422 in
845 362 1113 421 iambum
1158 362 1374 435 exiens,
1423 360 1583 436 quod
1628 360 1869 436 quidem
1911 363 2005 420 est
2037 378 2258 420 nomen

336 451 675 527 proprium:

842 531 992 585 hunc
1028 529 1225 584 Lesbio
1263 544 1481 585 sacrare
1517 529 1749 599 plectro.

473 629 576 702 26,
615 630 651 687 9
700 626 949 700 Pimplea·
983 626 1183 686 dulcia
1236 625 1372 685 Etsi
1406 624 1601 702 possit
1620 624 1874 685 'defendi
1907 625 2062 684 illud
2094 625 2259 685 Pim-

333 715 471 789 plea
514 715 750 775 collatis
793 715 879 774 eis
917 731 1069 790 quae
1106 713 1347 772 exhibui
1392 714 1448 772 d.
1484 732 1535 775 r.
1569 733 1648 772 m.
1689 715 1835 786 257,
1880 717 2086 773 tamen
2119 732 2259 773 cum

338 806 436 863 sat
471 804 763 879 appareat
795 802 1273 879 Porphyrionem
1311 801 1610 862 invenisse
1652 801 1720 859 in
1754 801 2079 877 exemplari
2120 821 2259 878 pro-

336 891 468 967 prio
512 891 831 951 lectionem
873 891 1163 968 priorem,
1216 890 1282 950 in
1324 891 1437 949 hac
1482 890 1984 966 adquiescendum
2026 891 2259 966 putavi.

468 998 518 1056 1,
567 982 670 1054 27,
719 982 801 1040 19
863 980 1099 1040 laboras
1151 977 1449 1054 Charybdi
1502 978 1668 1039 codd.
1713 978 1918 1055 multi,
1978 978 2055 1038 al.
2102 980 2260 1039 labo-

338 1069 552 1138 rabas;
598 1087 746 1127 corr.
779 1067 993 1129 Aldus.
1218 1052 1233 1072 ⁹

474 1158 577 1232 27,
618 1158 697 1216 23
728 1175 816 1233 sq.
860 1160 961 1217 vix
993 1158 1302 1231 inliyatum
1337 1160 1390 1215 te
1424 1157 1680 1230 triformi
1712 1155 1973 1229 Peyasus
2009 1156 2264 1228 expediet

342 1243 671 1305 Chimaera.
751 1246 844 1303 Ex
886 1246 999 1305 hoc
1041 1246 1171 1304 loco
1210 1244 1458 1303 ductum
1495 1242 1655 1318 quod
1688 1243 1871 1301 medii
1906 1242 2041 1303 aevi
2076 1245 2259 1319 scrip-

340 1335 504 1392 tores
535 1333 886 1392 Chimaerae
920 1332 1212 1393 vocabulo
1249 1330 1585 1407 promiscue
1621 1333 1878 1390 utuntur
1911 1350 2020 1407 pro
2058 1332 2259 1392 scorti.

340 1419 513 1479 Vnde
571 1419 865 1480 Iohannes
925 1421 999 1479 de
1059 1418 1378 1480 Gallandia
1439 1415 1520 1494 [v.
1574 1415 1730 1495 582]
1792 1412 1919 1479 ‘est
1978 1421 2261 1479 meretrix

343 1512 608 1569 scortum
652 1509 838 1568 Thais
880 1510 1027 1584 lupa
1072 1525 1251 1583 capra
1289 1500 1644 1569 Chimaera'.
1715 1507 1943 1567 Praeiit
1978 1508 2257 1569 Valerius

344 1597 604 1672 epistula
638 1597 715 1656 ad
748 1596 1033 1655 Rufinum
1070 1589 1467 1656 ‘Chimaeram
1500 1599 1677 1657 miser
1708 1600 1895 1656 nescis
1932 1613 2050 1657 esse
2084 1613 2261 1669 quam

328 1689 504 1759 petis.
577 1688 642 1744 et
685 1684 836 1745 scire
883 1685 1063 1745 debes
1109 1684 1269 1761 quod
1314 1686 1575 1759 triforme
1617 1686 1953 1744 monstrum
1986 1685 2138 1744 illud
2173 1685 2260 1744 in-

344 1773 532 1850 signis
575 1776 932 1833 venustetur
973 1772 1127 1831 facie
1170 1773 1382 1846 leonis»,
1427 1772 1642 1833 olentis
1683 1774 2016 1833 maculetur
2049 1776 2258 1833 ventre

344 1879 576 1937 caprae,
620 1861 957 1921 virulentae
1001 1864 1270 1920 armetur
1315 1861 1504 1920 cauda
1547 1855 1831 1936 viperae'.
1870 1892 1947 1903 —
1987 1861 2261 1936 Apparet

342 1948 601 2010 imitatio
659 1949 925 2025 Horatii,
984 1968 1347 2029 quamquam
1404 1951 1689 2027 pleraque
1746 1949 1936 2009 traxit
1979 1949 2258 2010 Valerius

344 2058 417 2099 ex
459 2042 603 2099 noto
647 2039 898 2100 Homeri
940 2060 1138 2101 versu.
1759 2095 1764 2100 .

472 2147 515 2200 1,
553 2130 657 2187 28.
710 2128 839 2188 Hoc
875 2128 1134 2187 carmine
1171 2127 1389 2186 statuit
1416 2125 1720 2185 Weiskius
1758 2145 1894 2187 ann.
1920 2126 2126 2203 philol.
2153 2146 2257 2201 xn,

347 2220 413 2291 1,
461 2216 589 2274 359
640 2231 767 2291 sqq.
811 2213 1015 2274 induci
1054 2215 1242 2275 verba
1284 2213 1603 2272 facientem
1645 2214 1919 2273 umbram
1966 2216 2138 2275 eiecti
2184 2217 2262 2274 ad

341 2302 489 2361 litus
555 2300 903 2376 Calabrum,
968 2302 1184 2378 quibus
1249 2301 1640 2376 compelletur
1695 2303 2000 2379 Archytae
2064 2322 2133 2363 eo
2195 2303 2261 2362 in

342 2392 472 2449 loco
505 2390 743 2466 sepulti
785 2391 1001 2449 umbra
1043 2408 1113 2449 ac
1146 2392 1452 2465 postremo
1488 2384 1674 2449 nauta
1710 2392 2260 2468 praeternaviganS.

347 2478 541 2548 Quam
584 2478 1038 2560 explicationem
1090 2480 1162 2537 ut
1204 2477 1537 2538 Meinekius
1590 2480 1679 2539 ita
1728 2499 1837 2541 nos
1891 2481 2261 2556 probandam

347 2566 774 2626 existimamus.
847 2565 1130 2626 Ceterum
1174 2584 1414 2626 carmen
1449 2567 1579 2644 hoc,
1623 2570 1694 2628 ut
1727 2588 1768 2643 1,
1809 2574 1866 2644 7,
1910 2569 2068 2628 inter
2104 2568 2260 2628 anti-
2341 2634 2346 2638 ,

346 2654 634 2732 quissima
678 2673 808 2715 esse
852 2654 1092 2714 Horatii
1136 2654 1268 2730 ipso
1313 2659 1505 2715 metro
1551 2656 1792 2717 videtur
1834 2656 2101 2717 indicari.

482 2746 584 2821 28,
615 2744 652 2804 5
692 2762 779 2820 sq.
816 2745 1012 2803 aerias
1047 2747 1349 2817 temptasse
1383 2746 1580 2805 domos
1616 2748 1918 2817 animoque
1950 2746 2264 2805 rotundum

334 2835 706 2905 percurrisse
748 2832 983 2905 poium..
1060 2831 1178 2890 Pro
1223 2832 1330 2892 illo
1378 2837 1575 2894 aerias
1618 2834 1828 2908 reponi
1862 2833 1996 2892 vult
2039 2833 2265 2893 Meine-

344 2919 482 2979 kius
520 2917 820 2979 aetherias.
894 2919 1010 2979 Sed
1043 2920 1146 2979 vix
1181 2939 1348 2997 opus.
1424 2922 1523 2980 Ita
1560 2921 1719 2980 enim
1756 2918 2030 2980 Catullus
2072 2918 2263 2997 [κινῇ

345 3008 384 3066 5
434 3004 548 3083 sq.]
607 3000 700 3066 ‘ut
744 3008 1013 3067 Triviam
1063 3008 1279 3068 furtim
1334 3010 1445 3070 sub
1490 3008 1733 3068 Latmia
1786 3027 1930 3068 saxa
1983 3010 2262 3085 relegans

345 3096 535 3154 dulcis
573 3114 740 3155 amor
775 3114 929 3172 gyro
965 3096 1213 3157 devocet
1249 3090 1454 3157 aerio'.
1519 3097 1602 3155 Et
1627 3095 1809 3172 Verg.
1850 3116 1985 3155 cum
2005 3114 2263 3170 campos

344 3183 555 3260 Elysii,
592 3185 907 3260 vulgarem
942 3186 1180 3244 secutus
1221 3186 1578 3261 opinionem,
1614 3183 1876 3259 largiore
1914 3185 2155 3244 aethere
2194 3202 2264 3244 ac

342 3290 643 3348 purpureo
687 3272 912 3332 lumine
956 3273 1169 3334 vestiri
1223 3272 1473 3335 dixisset
1530 3263 1701 3351 [Aen.
1748 3291 1838 3347 w,
1889 3270 2073 3351 64o]‚
2127 3292 2266 3333 mox

343 3362 549 3420 tamen
596 3358 702 3436 [ib.
743 3358 898 3438 886]
937 3362 1084 3422 haec
1129 3360 1466 3435 subiungit:
