2514 3950
236 162 328 236 11.]
1060 160 1276 216 LIBER
1318 160 1359 217 1.
2048 152 2170 220 129

234 326 376 391 Hoc
407 328 578 389 amat
608 328 673 389 et
699 325 948 407 laudat,
984 326 1371 388 ‘matronam
1397 323 1641 388 nullam
1670 344 1790 409 ego
1817 325 2064 408 tango!

231 409 324 474 Vt
366 409 685 494 quondam
730 409 1058 473 Marsaeus
1068 457 1087 492 ,
1135 410 1382 472 amator
1427 407 1712 492 Originis
1755 408 1893 491 ille,
2102 420 2170 471 55

235 494 357 571 Qui
400 494 678 579 patrium
721 494 953 558 mimae
998 493 1196 557 donat
1238 492 1631 576 fundumque
1660 491 2040 577 Laremque,

236 579 367 645 ‘Nil
391 578 584 643 fuerit
603 579 716 642 mi’
738 578 948 662 inquit
971 585 1141 643 ‘cum
1162 577 1467 642 uxoribus
1490 598 1793 660 umquam
1816 577 2091 642 alienis!

234 662 472 727 Verum
502 665 600 727 est
629 685 773 728 cum
800 663 1012 727 mimis
1023 711 1042 746 ,
1085 666 1185 727 est
1215 683 1360 727 cum
1387 662 1825 726 meretricibus
1841 711 1857 744 ,
1903 661 2072 727 unde

234 747 427 812 Fama
469 747 708 813 malum
760 747 1019 834 gravius
1065 768 1256 831 quam
1299 768 1401 811 res
1455 746 1670 896 zahi&
1757 748 1867 810 An
1921 746 2041 810 tibi

1454 853 1492 895 a
1535 854 1625 895 un
1670 853 1704 896 e

230 918 581 982 Personam
626 917 781 980 satis
829 919 925 980 est
936 965 955 999 ,
999 936 1134 980 non
1178 915 1367 998 illud,
1415 915 1721 1000 quidquid
1763 917 1999 1001 ubique
2099 930 2172 979 ,60

234 1001 483 1082 Officit,
532 999 812 1064 evitare?
869 998 1119 1063 Bonam
1163 998 1505 1083 deperdere
1547 1001 1785 1065 famam
1800 1050 1819 1085 ,

234 1084 396 1148 Rem
419 1083 621 1167 patris
644 1082 970 1164 oblimare,
992 1083 1298 1145 malumst
1316 1082 1716 1167 ubicumque.
1751 1085 1918 1161 Quid
1940 1087 2109 1151 inter

235 1167 357 1232 Est
398 1167 468 1230 in
510 1169 835 1248 matrona,
888 1166 1120 1230 ancilla
1160 1185 1470 1249 peccesne
1512 1167 1777 1251 togata?

236 1251 469 1316 Villius
513 1251 584 1314 in
626 1250 861 1315 Fausta
905 1249 1118 1314 Sullae
1160 1270 1432 1334 genero,
1476 1249 1601 1315 hoc
1644 1251 1837 1317 miser
1878 1275 2007 1317 uno

235 1336 513 1402 Nomine
558 1335 890 1418 deceptus,
935 1355 1176 1418 poenas
1221 1334 1396 1398 dedit
1436 1355 1636 1419 usque
1682 1357 1991 1420 superque
2103 1350 2170 1401 65

236 1421 440 1496 Quam
485 1420 639 1484 satis
685 1421 810 1503 est,
854 1419 1091 1504 pugnis
1137 1440 1358 1485 caesus
1402 1418 1697 1504 ferroque
1740 1421 2009 1505 petitus,

234 1504 548 1570 Exclusus
591 1503 729 1569 fore
739 1551 760 1588 ,
804 1525 948 1568 cum
990 1502 1407 1589 Longarenus
1449 1502 1619 1569 foret
1659 1505 1852 1570 intus.

236 1589 400 1654 Huic
446 1590 501 1653 si
543 1588 825 1654 mutonis
869 1588 1078 1652 verbis
1123 1588 1293 1652 mala
1334 1591 1519 1653 tanta
1559 1588 1835 1654 videntis

238 1673 495 1739 Diceret
535 1673 692 1738 haec
738 1673 988 1738 animus
1034 1673 1213 1756 ‘quid
1253 1672 1352 1737 vis
1395 1673 1559 1738 tibi?
1617 1675 1925 1759 numquid

1454 1780 1488 1822 e
1536 1779 1574 1822 o
1616 1781 1654 1823 a
1696 1763 1761 1824 te

234 1843 476 1928 Magno
520 1845 908 1927 prognatum
952 1841 1227 1925 deposco
1276 1780 1534 1905 consulge
1579 1863 1859 1908 cunnum
2105 1858 2173 1908 70

233 1927 660 2010 Velatumque
707 1926 901 2008 stola,
946 1945 1090 1989 mea
1133 1946 1279 1988 cum
1324 1925 1685 1991 conferbuit
1727 1928 1890 1992 ira?

237 2011 406 2086 Quid
434 2009 891 2093 responderet?
947 2007 1212 2093 ‘Magno
1249 2011 1431 2092 patre
1458 2012 1611 2074 nata
1651 2012 1969 2094 puellast.’

238 2095 331 2158 At
373 2097 611 2178 quanto
654 2093 922 2157 meliora
963 2095 1184 2157 monet
1225 2093 1705 2178 pugnantiaque
1749 2094 1891 2160 istis

236 2179 433 2244 Dives
479 2178 618 2263 opis
661 2181 889 2242 natura
932 2198 1109 2261 suae,
1160 2180 1232 2242 tu
1278 2178 1331 2241 si
1373 2178 1565 2242 modo
1607 2182 1780 2244 recte

236 2263 626 2348 Dispensare
670 2262 828 2327 velis
872 2284 945 2327 ac
989 2284 1124 2327 non
1166 2262 1476 2347 fugienda
1517 2263 1812 2347 petendis
2105 2278 2172 2328 75

235 2347 599 2413 Inmiscere.
689 2346 826 2411 Tuo
869 2347 1026 2412 vitio
1069 2368 1366 2411 rerumne
1408 2348 1689 2431 labores,

236 2432 349 2498 Nil
390 2432 626 2497 referre
667 2432 902 2515 putas?
949 2431 1187 2514 Quare,
1231 2453 1314 2495 ne
1403 2432 1681 2497 aeniteat
1722 2436 1819 2519 te,

236 2516 474 2580 Desine
517 2519 841 2580 matronas
880 2515 1218 2599 sectarim,
1263 2537 1352 2579 un
1398 2538 1431 2580 e
1474 2515 1711 2581 laboris

235 2600 388 2665 Plus
431 2599 684 2663 haurire
711 2600 929 2663 malist
973 2620 1162 2682 quam
1193 2620 1269 2663 ex
1298 2621 1367 2665 re
1399 2601 1732 2686 decerpere
1775 2602 2038 2669 fructus.

233 2683 300 2750 N
303 2705 374 2749 ec
415 2684 619 2769 magis
663 2683 842 2768 huic,
889 2684 1056 2748 inter
1098 2685 1319 2749 niveos
1364 2685 1722 2771 viridesque
1778 2688 1842 2751 la
1887 2688 2034 2751 illos
2101 2701 2169 2751 80

234 2768 335 2835 Sit
389 2769 565 2852 licet,
625 2768 781 2852 hoc,
840 2767 1172 2854 Cerinthe,
1240 2773 1352 2834 tuo
1419 2773 1775 2835 tenerumst
1867 2792 2043 2836 emur

1453 2858 1563 2918 aut
1608 2875 1751 2919 crus

232 2939 523 3022 Rectius,
569 2942 760 3023 atque
806 2938 999 3002 etiam
1041 2939 1271 3002 melius
1312 2959 1616 3023 persaepe
1658 2941 1997 3025 togataest.

233 3024 416 3088 Adde
458 3022 584 3088 huc
629 3022 799 3108 quod
825 3044 1104 3087 mercem
1149 3024 1286 3086 sine
1330 3022 1494 3088 fucis
1537 3026 1780 3109 gestat,
1826 3028 2042 3109 aperte

234 3106 420 3181 Quod
446 3108 668 3172 venale
695 3106 891 3171 habet
927 3107 1236 3191 ostendit,
1277 3127 1424 3190 nec,
1468 3108 1676 3192 siquid
1704 3108 2040 3193 honestist,

233 3190 443 3254 Iactat
482 3191 798 3276 habetque
840 3191 1086 3276 palam,
1146 3192 1394 3276 quaerit
1437 3214 1561 3276 quo
1604 3194 1817 3277 turpia
1861 3195 2039 3258 celet.
2100 3207 2167 3256 85

233 3274 517 3358 Regibus
544 3274 650 3340 hic
678 3297 819 3341 mos
850 3280 976 3361 est,
1008 3276 1118 3340 ubi
1143 3297 1337 3360 equos
1363 3282 1753 3364 mercantur3
1787 3281 2041 3362 opertos

233 3358 622 3441 Inspiciunt,
664 3382 746 3425 ne
791 3361 845 3425 si
888 3361 1115 3444 facieS,
1161 3364 1233 3424 ut
1277 3383 1493 3445 saepe,
1540 3361 1772 3427 decora

232 3442 422 3508 Molli
465 3441 628 3505 fulta
669 3444 918 3528 pedest‚
967 3448 1321 3531 emptorem
1364 3446 1626 3512 inducat
1667 3447 1986 3532 hiantem,

337 3544 593 3585 Hoaarrvs,
1831 3554 1861 3599 9
