2514 3950
210 188 400 264 vm]
1010 181 1227 238 mma
1268 182 1339 237 11.
2042 176 2129 240 39

415 348 797 431 Medumque
838 345 1077 409 flumen
1117 343 1417 429 gentibus
1461 343 1739 408 additum

413 433 622 500 Victis
664 431 945 495 minores
989 427 1243 493 volvere
1286 428 1554 492 vertices
1566 476 1585 511 ,

507 517 826 613 Intraque
852 512 1315 598 praescriptum
1359 510 1641 577 Gelonos

593 599 861 685 Engms
907 597 1190 682 equitare
1234 596 1495 679 campis.

1127 937 1217 1010 X.

419 1071 679 1136 Rectius
721 1069 896 1132 vives
908 1115 927 1149 ‚
970 1067 1178 1131 Licini
1191 1115 1210 1150 ‚
1251 1088 1458 1150 neque
1501 1067 1701 1133 altum

422 1154 684 1238 Semper
725 1149 1055 1236 urguendo
1099 1170 1335 1233 neque,
1379 1150 1530 1214 dum
1570 1152 1880 1235 procellas

423 1237 662 1304 Cautus
704 1232 1047 1318 horrescis,
1091 1233 1362 1299 nimium
1401 1234 1747 1318 premendo

513 1320 694 1385 Litus
735 1319 1041 1403 iniquum.
1264 1334 1269 1357 ¹

420 1457 700 1520 Auream
743 1452 1027 1538 quisquis
1070 1452 1576 1518 mediocritatem
2106 1464 2138 1513 ⁵

420 1539 505 1604 D·
540 1540 553 1554 '
610 1540 685 1622 't,
729 1541 905 1602 tutus
949 1539 1121 1602 caret
1163 1537 1437 1601 obsoleti

425 1623 544 1689 Sor
593 1624 730 1688 ’bus
772 1621 957 1705 tecti,
1003 1623 1177 1686 caret
1217 1621 1560 1686 invidenda

517 1706 779 1772 Sobrius
824 1706 984 1770 aula.

425 1841 691 1925 Saepius
734 1840 945 1904 ventis
975 1840 1256 1924 agitatur
1298 1840 1530 1924 ingens

422 1924 621 1989 Pinus
666 1924 731 1988 et
773 1923 979 1988 celsae
1101 1922 1314 1987 aviore
1360 1943 1510 1987 casu
2075 1931 2139 1981 10

424 2007 746 2072 Decidunt
786 2009 992 2070 turres
1064 2005 1397 2089 eriuntque
1442 2027 1721 2070 summos

517 2090 802 2175 Fulgura
843 2091 1113 2153 montes.

428 2224 470 2290 S
519 2227 654 2290 erat
696 2224 977 2308 infestis,
1020 2224 1248 2288 metuit
1292 2224 1584 2289 secundis

512 2312 713 2373 teram
756 2311 993 2373 sortem
1035 2308 1197 2373 bene
1238 2311 1683 2393 praeparatum

423 2392 672 2458 Pectus.
760 2391 1078 2456 Informes
1120 2391 1362 2456 hiemes
1407 2393 1653 2457 reducit
2079 2408 2140 2456 15

516 2475 834 2561 Iuppiter,
878 2476 1049 2540 idem

427 2609 790 2674 Submovet.
877 2608 1057 2694 Non,
1103 2610 1159 2674 si
1198 2609 1365 2675 male
1407 2632 1610 2696 nunc,
1655 2615 1721 2676 et
1764 2612 1918 2677 olim

428 2692 533 2758 Sic
576 2692 725 2758 erit:
812 2693 1089 2758 uondam
1133 2693 1377 2759 cithara
1417 2697 1734 2760 tacentem

426 2776 708 2843 Suscitat
817 2799 998 2842 usam
1039 2798 1245 2862 neque
1290 2800 1539 2863 semper
1581 2799 1796 2843 arcum

517 2860 751 2926 Tendit
790 2861 1046 2945 Apollo.
2075 2878 2144 2927 20

425 2994 642 3059 Rebus
684 2997 975 3080 angustis
1019 2996 1343 3060 animosus
1393 2998 1583 3080 atque

423 3078 635 3144 Fortis
678 3079 940 3165 adpare3
985 3079 1307 3163 sapienter
1348 3078 1518 3145 idem

425 3161 779 3228 Contrahes
821 3166 1013 3228 vento
1056 3163 1327 3228 nimium
1371 3164 1647 3231 secundo

517 3244 801 3331 'Purgida
842 3247 1001 3312 vela.
