2514 3950
874 176 1447 234 PROLEGOMENA.
1962 179 2121 234 XVII

197 326 459 390 demum
507 323 763 387 saeculo
814 342 940 406 quo
988 345 1108 406 par
1153 325 1296 387 erat
1340 322 1587 388 honore
1623 321 1854 387 haberi
1889 327 2121 407 coepta

198 417 370 479 sunt.
473 410 782 477 Proxima
845 410 1039 476 huius
1111 413 1266 475 sunt
1320 409 1503 476 Petri
1566 409 1993 496 Peerlcampii
2055 415 2122 477 et

197 501 486 587 Augusti
518 498 827 565 Meinekii
861 499 1115 583 merita,
1159 503 1235 563 ut
1272 502 1495 564 tamen
1537 497 1717 563 illius
1762 499 2119 585 detegendo

197 589 408 655 errori
444 610 639 673 quam
674 587 1058 653 inveniendo
1085 609 1241 653 vero
1277 587 1613 673 ingenium
1646 585 1848 652 fuerit
1885 589 2120 672 aptius.
2178 613 2186 619 ·

335 676 624 759 Quorum
680 676 834 742 dum
888 676 1296 761 contemplor
1346 676 1659 759 indolem,
1704 696 1897 762 saepe
1942 677 2122 741 venit

199 767 273 831 in
342 770 628 831 mentem
699 764 874 850 quod
944 765 1023 830 de
1092 786 1223 830 uno
1290 786 1367 828 ex
1430 764 1523 829 eis
1593 763 1802 829 dicere
1868 765 2122 829 solebat

200 853 763 938 Hemsterhusius,
817 874 1081 919 movere
1133 874 1281 918 eum
1335 852 1547 917 multa
1603 874 1736 917 non
1787 853 2123 936 movenda,

201 943 316 1008 sed
352 943 681 1028 plerisque
707 942 870 1007 loeis
906 945 1158 1007 veteres
1198 941 1570 1026 scriptores,
1609 940 1667 1005 si
1700 941 1797 1006 ita
1834 940 2123 1026 scripsis-

203 1035 368 1114 sent,
393 1035 470 1095 ut
495 1031 609 1095 ille
636 1030 984 1114 legendum
1013 1030 1314 1113 decrevit,
1333 1029 1565 1094 melius
1592 1028 1794 1094 fuisse
1818 1030 2123 1095 facturos

340 1117 527 1201 Quod
563 1140 711 1182 cum
745 1118 844 1182 ita
870 1117 975 1201 sit,
1012 1138 1407 1202 quamquam
1435 1118 1918 1183 commentariis
1945 1118 2125 1182 hisce

204 1205 468 1271 Horatii
523 1206 842 1270 librorum
892 1208 1418 1289 repraesentatur
1469 1205 1715 1289 species
1770 1227 1873 1289 ea,
1929 1228 2125 1290 quam

205 1295 337 1379 ipsi
369 1293 864 1359 informavimus
901 1293 1138 1376 anim0,
1182 1315 1317 1358 non
1353 1293 1608 1377 qualem
1647 1291 1980 1358 Bentleius
2022 1294 2126 1358 vel

204 1382 685 1467 Peerlcampius
723 1382 858 1447 sive
892 1381 1274 1465 Meinekius,
1317 1383 1541 1446 tamen
1578 1381 1686 1446 vel
1720 1403 1892 1446 nunc
1927 1382 2126 1466 pIuri-

205 1493 388 1536 mum
434 1470 783 1536 tribuimus
829 1469 1422 1535 existimationibus
1466 1469 1719 1535 horum.

342 1557 470 1624 Sed
512 1562 589 1623 ut
633 1558 711 1623 de
753 1558 1000 1624 nostris
1039 1559 1353 1623 disseram
1388 1558 1581 1642 curis,
1617 1558 1869 1623 ratione
1909 1581 1984 1624 ac
2018 1560 2129 1624 via

206 1649 279 1713 in
322 1647 721 1732 explicandis
767 1646 1267 1712 emendandisve
1306 1646 1567 1731 scriptis
1603 1643 1867 1712 Horatii
1904 1647 2129 1712 eadem

208 1737 403 1821 plane
434 1756 657 1802 sumus
684 1736 789 1800 usi
824 1740 1020 1821 atque
1055 1735 1127 1800 in
1161 1734 1444 1800 editione
1482 1734 1831 1819 superiore,
1865 1735 2131 1820 perinde

207 1827 284 1889 ut
319 1845 767 1910 respueremus
804 1824 1038 1889 horum
1075 1823 1492 1908 pravitatem,
1528 1823 1643 1907 qui
1676 1823 1844 1887 nihil
1880 1823 2008 1888 nisi
2046 1824 2129 1888 ab

211 1913 415 1988 omni„
442 1917 630 1998 parte
688 1911 976 1997 perfecta
1018 1910 1299 1977 Horatio
1345 1932 1539 1996 posse
1585 1910 1868 1977 adscribi
1913 1911 2131 1977 existi-

210 2006 411 2082 mant,
440 2006 508 2065 et
533 2002 819 2079 illorum,
848 2000 961 2083 qui
988 2000 1049 2063 ei
1074 1999 1356 2083 ineptias
1384 1999 1665 2084 pueriles
1695 2004 1761 2063 et
1787 2001 1896 2063 vix
1922 2001 2130 2084 philo-

211 2090 512 2174 logorum
558 2087 924 2151 deterrimis
970 2086 1424 2152 condonandas
1471 2086 1786 2151 tribuunt.

344 2175 444 2241 Ac
499 2176 576 2240 de
638 2175 1144 2260 interpolatione
1204 2175 1565 2241 carminum
1620 2174 2131 2240 Horatianorum

211 2264 367 2350 quid
431 2267 746 2348 statuam,
809 2263 1184 2348 plenissime
1243 2267 1347 2328 est
1401 2263 1765 2349 expositum
1820 2265 2132 2349 opusculo

212 2353 386 2438 quod
433 2357 613 2418 extat
659 2354 872 2418 annal.
917 2353 1145 2436 philol.
1193 2375 1248 2417 a.
1300 2353 1471 2418 1863
1523 2354 1705 2438 [pgg.
1753 2353 2131 2434 176—184]

212 2464 331 2507 nec
367 2442 580 2506 minus
619 2441 811 2524 libro,
856 2463 985 2526 quo
1025 2440 1442 2506 classicorum
1480 2441 1651 2526 apud
1685 2439 2132 2506 Nederlandos

215 2529 578 2595 studiorum
625 2530 943 2615 originem
998 2533 1064 2594 et
1123 2550 1510 2615 progressus
1566 2551 1711 2594 sum
1756 2533 2132 2614 persecutus

215 2620 351 2705 [pg.
393 2619 518 2683 113
556 2620 743 2703 sqq.].
815 2617 1043 2702 Neque
1078 2639 1250 2682 nunc
1286 2618 1572 2683 rationes
1610 2618 1876 2701 mutavi,
1915 2641 2134 2704 quam-

215 2729 410 2791 quam
464 2707 689 2791 paullo
745 2707 937 2790 plura
993 2706 1182 2770 obelo
1239 2710 1392 2770 sunt
1435 2710 1667 2771 notata
1712 2729 1907 2792 quam
1953 2707 2133 2791 prius

211 2796 478 2861 factum.
541 2794 806 2860 Etenim
853 2816 1000 2859 cum
1045 2797 1222 2859 certo
1271 2798 1524 2859 constet
1568 2794 1700 2859 iam
1738 2793 1993 2859 Claudii
2027 2794 2134 2859 vel

212 2882 493 2949 Neronis
561 2887 854 2967 tempore
916 2884 1215 2947 inventos
1271 2882 1342 2946 in
1394 2881 1657 2947 Horatii
1720 2882 2133 2967 carminibuS,

213 2972 407 3058 plane
435 2975 511 3037 ut
545 2971 615 3036 in
640 2970 940 3057 Vergilii,
978 2992 1200 3035 versus
1241 2971 1700 3055 suppositicios
1740 2975 1935 3056 atque
1974 2971 2133 3037 adeo

216 3061 292 3125 de
357 3061 605 3125 duabus
668 3059 1284 3144 interpolationibus
1362 3061 1440 3140 [c.
1490 3078 1598 3144 111,
1660 3060 1770 3143 11,
1829 3061 2137 3144 17—203

215 3167 314 3232 1v,
360 3150 427 3231 8]
474 3147 792 3232 hodieque
848 3147 1221 3212 extantibus
1267 3147 1338 3212 in
1384 3148 1709 3214 codicibus
1754 3148 2134 3213 Horatianis

214 3258 346 3300 non
396 3237 695 3301 videatur
756 3257 951 3321 posse
1006 3235 1319 3320 dubitari,
1375 3257 1508 3302 non
1552 3237 1913 3323 temperavi
1956 3237 2136 3321 mihi,

219 3323 374 3406 quin
427 3325 854 3409 excluderem,
910 3346 1349 3411 quaecumque
1405 3330 1518 3390 aut
1565 3326 1956 3392 sententiam
2002 3348 2136 3390 car-

217 3411 409 3474 minis
450 3418 896 3496 perverterent
934 3417 1047 3479 aut
1085 3414 1379 3499 alioquin
1415 3416 1925 3501 essent-inepta3
1972 3436 2136 3499 quae

320 3515 368 3555 H
370 3524 592 3557 ooooooo
1775 3518 1815 3571 b
