2514 3950
213 168 411 241 mn]
962 167 1178 223 usna
1217 167 1345 225 1111.

1065 347 1301 444 xnn.

474 480 649 557 Quae
692 502 842 547 cura
882 483 1137 565 patrum
1181 501 1419 565 quaeve
1464 479 1804 556 Quiritium

472 564 690 631 Plenis
733 564 1051 631 honorum
1092 565 1462 631 muneribus
1505 567 1677 650 tuas,

565 651 670 715 Au
866 699 887 734 ‚
931 649 1198 715 virtutes
1240 651 1312 714 in
1355 671 1580 715 aevum

705 757 773 799 er
814 735 1037 800 titulos
1079 755 1517 819 memoresque
1560 734 1765 799 fastus

473 871 813 952 Aeternet‚
859 890 897 933 o
943 891 1069 953 qua
1111 869 1210 934 sol
1250 868 1633 934 habitabiles

474 952 785 1017 Inlustrat
827 973 1000 1036 oras,
1043 953 1319 1017 maxime
1404 953 1721 1036 rincipum
1733 1001 1752 1037 ,

400 1076 437 1108 .
570 1035 773 1111 Quem
816 1035 977 1130 legis
1023 1056 1099 1098 ex
1147 1038 1313 1099 ertes
1410 1037 1618 1100 atinae

652 1116 975 1183 Vindelici
1019 1117 1084 1181 di
1134 1117 1293 1181 'cere
1336 1140 1570 1202 nuper,

478 1252 644 1328 Quid
685 1255 888 1316 marte
929 1272 1172 1336 posses.
1259 1252 1467 1316 Milite
1509 1238 1662 1318 nam
1703 1254 1815 1318 tuo

476 1335 723 1402 Drusus
765 1335 1107 1402 Genaunes
1118 1386 1138 1421 ‚
1181 1336 1575 1421 inplacidum
1616 1358 1852 1423 genus,

567 1420 982 1505 Breunosque
1025 1422 1276 1486 veloces
1320 1424 1386 1487 et
1428 1442 1603 1487 arces

650 1505 928 1589 Alpibus
970 1506 1284 1590 inpositas
1334 1506 1680 1572 tremendis

472 1640 726 1706 Deiecit
768 1662 913 1706 acer
953 1642 1098 1726 plus
1143 1642 1281 1706 vice
1326 1643 1631 1729 simplici3

471 1724 678 1790 Maior
701 1725 1053 1792 'Neronum
1096 1748 1248 1790 mox
1289 1748 1484 1811 grave
1533 1727 1848 1810 proelium

567 1809 888 1875 Gonmisit
928 1810 1342 1894 inmanesque
1385 1810 1624 1875 Raetos

650 1892 975 1977 Auspiciis
1017 1893 1269 1975 pepulit
1311 1894 1635 1978 secundis,

475 2024 868 2109 Spectandus
911 2026 981 2089 in
1026 2026 1370 2091 certamine
1411 2025 1674 2115 Martie,

474 2107 725 2174 Devota
765 2109 961 2174 morti
1002 2113 1265 2193 pectora
1307 2110 1544 2176 liberae

568 2192 836 2269 Quantis
879 2193 1179 2279 fatigaret
1218 2194 1422 2259 ruim's
1437 2244 1457 2278 ,

649 2277 1003 2343 Indomitus
1046 2301 1245 2364 prope
1289 2281 1493 2364 qualis
1536 2282 1737 2346 undas
1850 2253 1875 2290 Χ

471 2412 745 2478 Exercet
786 2414 1054 2497 Auster,
1104 2413 1436 2479 Pleiadum
1480 2415 1675 2479 choro

473 2495 816 2563 Scindente
857 2498 1090 2581 nubeS,
1134 2498 1391 2583 inpiger
1433 2498 1715 2564 hostium

565 2579 811 2646 Vexare
852 2584 1096 2645 turmas
1142 2584 1207 2646 et
1247 2582 1626 2648 frementem

647 2663 904 2730 Mittere
949 2687 1180 2751 equum
1221 2666 1467 2732 medios
1511 2690 1626 2752 per
1667 2669 1866 2754 ignea

470 2800 576 2867 Sic
618 2800 1010 2865 tauriformis
1053 2802 1331 2866 volvitur
1368 2802 1669 2885 Aufidus,

468 2885 593 2962 Qui
634 2906 836 2970 regna
876 2883 1091 2949 Dauni
1132 2885 1430 2969 praefluit
1470 2886 1699 2970 Apuli,

562 2968 726 3036 Cum
769 2970 988 3033 saevit=
1009 2967 1517 3053 horrendamque
1561 2970 1748 3037 cultis

643 3052 967 3118 Diluviem
1013 3053 1352 3117 minitatur
1396 3054 1567 3139 agris
1577 3104 1597 3139 ‚

466 3187 560 3254 Vt
598 3188 1014 3254 barbarorum
1058 3185 1361 3253 Claudius
1406 3188 1664 3274 agmina

467 3272 728 3338 Ferrata
766 3275 948 3337 vasto
994 3271 1189 3338 diruit
1225 3272 1471 3357 impetu

560 3356 934 3455 Primosque
977 3360 1042 3423 et
1083 3359 1399 3423 extremos
1442 3359 1741 3425 metendo

646 3441 885 3509 Stravit
923 3442 1188 3511 humum
1231 3444 1370 3509 sine
1414 3444 1592 3509 clade
1635 3444 1887 3528 victor,-

1769 3536 1847 3600 ⁷*

2069 158 2152 224 99

2090 1352 2155 1401 10

2089 1826 2150 1874 15

2084 2297 2152 2346 20

2083 2818 2149 2869 25

2081 3291 2148 3340 30
