2514 3950
390 202 512 269 192
1086 200 1600 260 EPISTVLARVM
2231 201 2340 274 [v.

1299 403 1388 479 V.

515 539 584 605 Si
625 539 809 621 potes
854 535 1184 601 Archiacis
1229 534 1497 599 conviva
1537 531 1903 597 recumbere
1945 529 2127 596 lectis

512 622 651 689 Nec
693 620 946 686 modica
990 640 1214 684 cenare
1255 618 1445 683 times
1489 618 1629 682 olus
1673 637 1861 682 omne
1903 614 2174 700 patella,

514 706 823 790 Supremo
867 706 932 768 te
977 703 1111 767 sole
1155 701 1329 767 domi
1338 751 1358 785 ,
1403 700 1752 785 Torquate,
1795 700 2087 764 manebo,

512 790 685 855 Vina
725 788 905 854 bibes
947 787 1177 851 iterum
1220 785 1429 850 Tauro
1476 784 1706 850 diffusa
1792 785 2059 849 alustres

412 888 446 937 5
518 874 695 938 Inter
736 872 1099 936 Minturnas
1143 870 1721 954 Sinuessanumque
1821 868 2113 933 etrinum.

513 957 582 1022 Si
624 957 850 1021 melius
895 955 1047 1039 quid
1087 955 1315 1039 habes,
1373 975 1619 1020 arcesse
1661 954 1764 1018 vel
1805 953 1896 1017 im
1941 952 2144 1018 crium
2196 951 2327 1017 fer.

512 1040 869 1105 Iandudum
914 1040 1206 1124 splendet
1246 1040 1427 1105 focus
1472 1041 1537 1104 et
1575 1038 1695 1104 tibi
1728 1059 1885 1102 mun
1928 1057 1966 1100 a
2009 1035 2327 1119 supellex,

513 1123 702 1190 Mitte
744 1125 914 1190 leves
960 1146 1105 1209 spes
1150 1128 1215 1189 et
1254 1123 1603 1188 certamina
1645 1122 2009 1188 divitiarum

513 1208 601 1273 Et
642 1207 892 1274 Moschi
939 1229 1224 1274 causam:
1272 1229 1410 1273 cras
1451 1210 1607 1272 nato
1654 1205 1926 1273 Caesare
1968 1205 2172 1270 festus

389 1307 454 1356 10
517 1297 643 1358 Dat
685 1292 938 1358 veniam
982 1313 1401 1376 somnumque
1444 1291 1580 1357 dies
1592 1340 1610 1375 ,
1654 1291 1726 1355 in
1769 1311 1895 1356 une
1939 1289 2162 1354 licebit

510 1381 552 1458 †
572 1377 904 1442 Aestivam
947 1380 1237 1442 s'ermone
1282 1376 1562 1462 benigno
1607 1377 1718 1439 ten
1764 1395 1867 1439 ere
1908 1376 2186 1440 noctem.

514 1460 653 1536 Quo
697 1461 857 1525 mihi
900 1460 1253 1545 fortunam,
1300 1461 1355 1524 si
1395 1481 1531 1525 non
1574 1458 1940 1524 conceditur
1980 1457 2121 1521 uti?

510 1545 748 1608 Parcus
793 1544 876 1608 ob
920 1543 1169 1609 heredis
1214 1566 1430 1609 curam
1471 1543 1862 1627 nimiumque
1907 1562 2163 1607 severus

511 1626 783 1691 Adsidet
824 1627 1081 1692 insano:
1125 1629 1350 1711 potare
1393 1630 1460 1693 et
1502 1649 1651 1711 spar
1697 1648 1801 1693 ere
1842 1627 2030 1691 flores

391 1723 453 1772 15
516 1710 657 1775 Inci
701 1711 832 1775 iam
873 1711 1203 1795 patiarque
1245 1711 1349 1775 vel
1390 1711 1615 1777 incons
1685 1714 1788 1776 tus
1832 1710 2072 1775 haberi.

515 1794 639 1870 Qui
725 1815 859 1860 non
901 1795 1172 1860 ebrietas
1217 1795 1574 1881 dissignat?
1621 1816 1659 1861 0
1708 1797 1842 1860 erta
1880 1793 2183 1877 recludit,

515 1877 674 1962 Spes
718 1879 896 1944 iubet
939 1901 1075 1945 esse
1117 1882 1320 1964 ratas,
1373 1879 1454 1944 ad
1495 1900 1651 1963 proe
1683 1880 1741 1944 'a
1781 1878 1984 1944 trudit
2023 1878 2332 1964 inertem,

514 1962 820 2029 Sollicitis
865 1965 1096 2030 animis
1138 1986 1299 2031 onus
1345 1964 1596 2042 eximit,
1643 1963 1912 2030 addocet
1952 1965 2142 2029 artes.

513 2048 796 2114 Fecundi
840 2050 1068 2115 calices
1113 2071 1303 2133 quem
1341 2070 1477 2114 non
1517 2049 1724 2114 fecere
1768 2048 2101 2132 disertum,

385 2145 455 2195 20
519 2131 866 2197 Contracta
907 2154 1097 2216 quem
1138 2154 1273 2199 11011
1316 2133 1386 2199 in
1476 2136 1801 2217 aupertate
1847 2132 2172 2198 solutum?

512 2215 688 2280 Haec
732 2237 852 2301 ego
897 2237 1236 2300 procurare
1280 2219 1346 2281 et
1387 2217 1411 2281 i
1456 2238 1653 2281 oneus
1695 2218 1974 2301 imperor
2016 2220 2081 2281 et
2120 2238 2271 2283 non

512 2298 790 2383 Invitus,
833 2320 917 2365 ne
957 2303 1143 2383 turpe
1184 2301 1381 2385 toral,
1426 2322 1508 2366 ne
1553 2300 1805 2366 sordida
1846 2323 2077 2386 mappa

516 2382 713 2448 Corru
761 2386 825 2449 et
865 2406 1082 2468 nares,
1127 2406 1209 2450 ne
1252 2406 1386 2449 non
1429 2388 1495 2449 et
1537 2384 1875 2450 cantharus
1918 2388 1983 2451 et
2024 2385 2179 2450 lanx

518 2466 719 2531 Osten
764 2471 830 2531 at
871 2468 991 2533 tibi
1033 2472 1098 2533 te
1108 2518 1126 2553 ,
1171 2491 1253 2535 ne
1296 2468 1458 2534 fidos
1501 2470 1669 2534 inter
1712 2470 1949 2535 amicos

386 2564 453 2612 25
519 2549 616 2614 Sit
660 2550 769 2634 qui
814 2551 984 2616 dicta
1025 2552 1195 2618 foras
1240 2554 1554 2638 eliminet,
1597 2558 1670 2618 ut
1711 2557 1892 2620 coeat
1932 2576 2047 2639 par

516 2634 952 2719 Iungaturque
994 2636 1153 2717 pari.
1227 2636 1498 2702 Butram
1538 2638 1661 2702 tibi
1704 2639 2180 2723 Septiciumque

514 2717 600 2782 Et
641 2718 769 2783 nisi
813 2739 971 2784 cena
1012 2719 1187 2802 prior
1229 2721 1566 2806 potiorque
1609 2724 1823 2806 puella
1866 2722 2178 2788 Sabinum

511 2801 775 2867 Detinet
818 2803 1177 2889 adsumam3
1235 2805 1412 2869 locus
1458 2809 1555 2870 est
1596 2810 1660 2871 et
1701 2807 1991 2891 pluribus
2033 2808 2325 2894 umbris,

514 2884 639 2950 Sed
680 2888 873 2952 nimis
918 2890 1054 2954 arta
1094 2892 1394 2972 premunt
1437 2889 1641 2956 olidae
1686 2892 1976 2957 convivia
2020 2912 2279 2975 caprae.

383 2982 454 3032 30
517 2969 615 3033 Tu
658 2974 888 3053 quotus
935 2993 1070 3037 esse
1113 2973 1272 3038 velis
1314 2974 1591 3039 rescribe
1635 2979 1699 3040 et
1740 2976 1928 3041 rebus
1973 2976 2235 3043 omissis

511 3053 697 3118 Atria
740 3059 1099 3123 servantem
1141 3057 1391 3142 postico
1435 3058 1588 3124 falle
1632 3060 1945 3126 clientem.

1193 3315 1840 3595 ἦ
2441 3283 2457 3788 4
