2514 3950
359 1348 420 1396 10

354 1817 416 1867 15

351 2290 419 2339 20

345 2809 410 2859 25

1121 162 1517 219 CARMINVM
2170 167 2283 236 [XL

1248 345 1373 420 XI.
2308 358 2356 382 ‘

563 477 868 560 Mercuri,
911 498 1064 540 nam
1107 479 1172 541 te
1217 476 1440 542 docilis
1483 478 1790 564 magistro
2042 378 2345 522 ‘AEssfflss

566 561 771 627 Movit
810 560 1140 645 Amphion
1180 560 1424 645 lapides
1469 563 1755 627 canendo
1766 612 1785 647 ‚

567 645 666 711 Tu
707 668 787 711 ue
829 645 1081 709 testudo
1124 666 1425 710 resonare
1470 650 1714 730 septem

714 729 909 793 allida
950 730 1161 793 nervis
1171 778 1190 813 ‚

560 864 699 929 Nec
742 864 977 947 loquax
1020 864 1175 928 olim
1217 885 1423 948 neque
1465 868 1679 949 grata,
1723 887 1895 931 nunc
1939 869 2009 932 et

565 947 853 1012 Divitum
894 949 1131 1012 mensis
1175 951 1241 1013 et
1283 949 1490 1013 amica
1531 950 1819 1046 templis,

565 1031 688 1096 Dic
730 1032 955 1097 modos
966 1081 985 1116 ,
1029 1032 1204 1115 Lyde
1251 1032 1479 1117 quibus
1525 1033 1875 1098 obstinatas
1927 1078 1934 1084 -

656 1115 958 1200 Adplicet
999 1137 1211 1200 aureS‚

565 1250 740 1327 Quae
783 1252 959 1316 velut
1001 1251 1148 1314 latis
1193 1273 1355 1335 equa
1395 1253 1589 1316 trima
1633 1253 1871 1337 campis

566 1336 758 1399 Ludit
800 1335 1097 1399 exsultim
1139 1337 1489 1420 metuitque
1532 1339 1742 1422 tangi,

560 1419 670 1484 Nu
714 1419 948 1482 tiarum
991 1440 1213 1502 expers
1259 1423 1324 1484 et
1365 1420 1571 1485 adhuc
1614 1424 1909 1505 protervo

710 1502 869 1567 ruda
910 1503 1160 1568 marito·

561 1637 661 1701 Tu
701 1640 884 1721 potes
926 1638 1125 1735 tigres
1170 1639 1559 1723 comitesque
1603 1640 1796 1704 silvas

562 1720 810 1786 Ducere
854 1724 920 1787 et
960 1743 1129 1787 nvos
1175 1724 1410 1788 celeres
1453 1724 1721 1809 morari3

566 1805 778 1871 Cessit
815 1807 1092 1871 inmanis
1130 1806 1250 1871 tibi
1293 1807 1647 1872 blandienti

652 1889 898 1956 Ianitor
941 1892 1143 1955 aulae.

557 2026 898 2174 fferberus
910 2076 930 2111 ,
977 2028 1263 2109 quamvis
1306 2027 1534 2092 furiale
1580 2031 1835 2093 centum

629 2112 855 2175 uniant
898 2132 1137 2197 angues
1182 2114 1400 2195 caput,
1447 2112 1580 2176 eius
1626 2115 1815 2196 atque

561 2194 834 2278 Spiritus
877 2196 1081 2258 taeter
1124 2195 1459 2279 saniesque
1501 2199 1722 2260 manet

653 2276 779 2341 Ore
820 2276 1153 2363 trilingui]

559 2410 729 2487 Quin
773 2413 838 2474 et
878 2410 1064 2476 Ixion
1105 2412 1453 2497 Tityosque
1497 2414 1678 2483 voltu

556 2494 728 2558 Risit
768 2494 1003 2578 invite,
1040 2498 1228 2561 'stetit
1270 2520 1432 2562 urna
1472 2499 1760 2582 paullum

561 2577 771 2660 Sicca,
818 2578 969 2642 dum
1010 2584 1195 2665 grato
1238 2582 1449 2646 Danai
1491 2582 1737 2665 puellas

651 2660 948 2727 Carmine
989 2665 1246 2729 mulces,

555 2796 798 2861 Audiat
837 2797 1012 2881 Lyde
1056 2800 1262 2863 scelus
1308 2801 1497 2883 atque
1538 2803 1727 2865 notas

554 2880 898 2965 Virginum
940 2904 1181 2967 poenas
1225 2885 1291 2949 et
1331 2884 1523 2948 inane
1567 2884 1864 2970 lymphae

553 2962 816 3029 Dolium
857 2966 1056 3031 fundo
1099 2969 1425 3052 pereuntis
1468 2968 1598 3033 imo

649 3047 924 3134 Ser-aque
967 3052 1104 3116 fata
1114 3100 1134 3135 ,

446 3203 471 3224 f
555 3182 731 3259 Quae
774 3189 1038 3250 manent
1081 3188 1300 3269 culpas
1346 3188 1537 3251 etiam
1582 3188 1698 3250 sub
1744 3186 1932 3252 Orc0.

343 3279 408 3329 30

556 3267 778 3352 Inpiae
789 3318 808 3353 ‚
857 3270 1034 3355 (nam
1077 3270 1230 3354 quid
1273 3272 1537 3353 potuere
1581 3270 1787 3333 maius
1798 3268 1862 3354 P)

551 3351 775 3436 Inpiae
820 3374 1089 3436 sponsos
1132 3355 1399 3436 potuere
1442 3354 1598 3419 duro

645 3436 915 3499 Perdere
958 3436 1146 3500 ferro,
