2514 3950
991 179 1565 236 PROLEGOMENA.
2168 181 2250 235 XI

327 331 394 391 et
452 325 753 410 Lehrsio,
813 347 1204 408 quamquam
1272 325 1342 389 in
1404 324 1549 409 ipsa
1609 324 1958 390 Germania
2005 347 2249 410 paucos

327 416 696 479 habuerunt
720 418 1090 478 sectatores,
1133 412 1347 499 Igitur
1363 412 1680 499 Madvigii
1696 413 1897 477 verba
1916 418 2067 477 sunt
2086 413 2250 479 haec

331 503 603 584 [advers.
624 502 764 568 crit.
784 521 854 586 11,
874 502 1015 582 5OJ:
1045 502 1195 586 lieet,
1214 503 1449 583 opinor,
1475 502 1620 566 haec
1642 503 1886 567 somnia
1890 504 2247 583 praeterire,

327 612 483 674 quae
509 597 622 656 aut
644 594 819 657 intra
846 610 1078 672 paucos
1103 611 1302 655 annos
1327 591 1618 655 oblivioni
1645 591 1878 655 tradita
1905 595 2109 669 erunt,
2136 595 2254 654 aut

330 686 522 746 totum
575 680 683 746 hoc
726 681 1131 760 antiquarum
1175 680 1523 744 litterarum
1566 679 1839 744 studium
1856 729 1874 763 ,
1933 683 2251 760 tamquam

329 769 628 834 exhausta
664 769 899 834 utiliter
933 769 1266 850 quaerendi
1292 769 1572 850 neaterm,
1599 769 1873 832 inaniter
1898 771 1954 832 et
1966 771 2252 849 proterve

328 858 546 923 ‘ludens
582 877 721 922 cum
757 858 954 922 taedio
981 858 1083 922 sui
1107 863 1364 921 senescet
1388 862 1444 920 et
1468 856 1756 920 interibit.
1816 853 1997 919 Idem
2025 859 2248 919 tamen

331 968 561 1029 parum
591 967 792 1029 aeque
829 944 1140 1010 iudicavit
1177 944 1254 1008 de
1282 944 1742 1028 Peerlcampio‚
1780 943 1890 1026 qui
1926 947 2000 1007 ut
2038 945 2248 1008 multo

334 1035 543 1118 magis
589 1033 716 1098 fuit
761 1034 1051 1097 imbutus
1099 1033 1375 1098 lectione
1421 1037 1487 1096 et
1533 1055 1652 1097 usu
1697 1036 2039 1115 poetarum
2075 1031 2250 1096 Lati·

331 1143 563 1186 norum
610 1121 1075 1203 dactylicorum
1119 1141 1314 1203 quam
1353 1125 1467 1184 aut
1501 1120 1869 1205 Madvigius
1908 1125 2020 1184 aut
2057 1121 2251 1204 pleri-

336 1231 459 1292 que
507 1229 729 1272 omnes
766 1208 958 1272 huius
998 1207 1238 1272 saeculi
1277 1207 1502 1290 critici,
1547 1208 1642 1271 ita
1680 1229 1755 1271 ea
1789 1207 1916 1271 fuit
1954 1209 2254 1272 sollertia

333 1297 605 1382 ingenii,
663 1300 737 1361 ut
782 1297 887 1361 vel
935 1317 1012 1359 ex
1058 1295 1415 1378 erroribus,
1472 1317 1633 1379 quos
1679 1295 2006 1359 commisit
2050 1295 2252 1378 pluri-

332 1406 494 1467 m08‚
540 1385 818 1449 multum
863 1384 1295 1469 percipiamus
1342 1383 1679 1448 commodi.

467 1471 592 1537 Sed
636 1477 712 1538 ut
756 1477 987 1557 coepta
1030 1494 1415 1558 persequar,
1462 1472 1894 1536 certissimum
1940 1474 2040 1535 est
2086 1471 2251 1536 illud

336 1566 402 1628 et
446 1562 690 1627 recenti
735 1561 1013 1626 maxime
1059 1565 1351 1645 tempore
1388 1560 1788 1644 patefactum
1828 1557 2249 1645 (quamquam

334 1651 585 1736 pridem
630 1650 1111 1734 Peerlcampius
1161 1649 1387 1734 [praef.
1435 1671 1629 1714 carm.
1667 1670 1774 1734 pg.
1802 1651 1927 1729 xx]
1975 1648 2043 1712 id
2080 1648 2251 1731 quod
2315 1704 2318 1707 ,

333 1762 556 1804 verum
596 1742 696 1803 est
731 1735 1194 1825 intellexerat),
1234 1737 1714 1823 dittographias
1751 1774 1824 1782 —
1860 1759 2020 1820 quas
2048 1737 2249 1821 vulgo

334 1828 687 1892 lectionum
741 1827 1135 1892 variantium
1192 1826 1414 1891 dicunt
1468 1827 1728 1890 nomine
1786 1861 1871 1872 —-
1918 1824 2253 1910 graviores

336 1920 556 1981 extare
594 1916 664 1980 in
700 1915 1026 1981 codicibus
1058 1914 1440 1981 Horatianis
1479 1936 1596 1979 nec
1634 1915 1875 1979 multas
1914 1917 1980 1978 et
2018 1913 2252 1997 quibus

336 2006 716 2088 plerumque
763 2026 995 2087 parum
1039 2004 1334 2068 iuvemur
1380 2003 1461 2066 ad
1499 2003 1901 2086 corruptelas
1944 2004 2048 2066 vel
2089 2002 2251 2065 diffi-

339 2094 618 2158 cultates
666 2092 1006 2155 tollendas,
1098 2089 1284 2165 Quod
1329 2112 1409 2154 ne
1454 2090 1596 2174 quis
1645 2090 1924 2172 dubitet,
1969 2111 2253 2172 provoco

339 2181 422 2245 ad
481 2179 960 2265 dittographias
1021 2200 1099 2243 ex
1159 2178 1427 2243 odarum
1484 2182 1550 2242 et
1603 2179 1857 2263 epodon
1918 2177 2105 2241 libris
2152 2199 2253 2241 ex-

337 2273 615 2354 cerptas,
662 2290 821 2351 quas
868 2268 1210 2352 proposuit
1254 2266 1555 2331 Kellerus
1607 2268 1771 2349 loco,
1818 2288 2005 2349 quem
2056 2288 2256 2350 supra

337 2357 712 2423 memoravi.
776 2354 1022 2431 Quibus
1069 2356 1263 2420 simul
1311 2355 1571 2441 egregie
1609 2355 2043 2437 confirmatur,
2082 2355 2254 2437 quod

340 2447 472 2510 dixi
501 2446 677 2529 olim,
705 2448 960 2510 secutus
991 2444 1502 2527 Peerlcampium
1524 2443 1749 2527 [praef.
1770 2465 1963 2507 carm.
1986 2464 2087 2526 pg.
2107 2446 2255 2525 xx]‚

337 2534 648 2599 Mavortii
691 2533 1129 2598 recensionem
1165 2532 1235 2596 in
1269 2531 1525 2597 frivolis
1561 2532 1697 2597 fere
1735 2554 1811 2597 ac
1847 2531 2092 2595 nullius
2122 2553 2255 2595 mo-

341 2623 543 2687 menti
587 2622 765 2687 vitiis
821 2620 1127 2686 tollendis
1185 2620 1556 2685 substitisse
1617 2641 1817 2703 eaque
1863 2621 2041 2685 locos
2091 2619 2254 2683 diffi-

340 2712 625 2794 ciliores,
683 2710 739 2776 si
783 2710 974 2774 modo
1022 2713 1523 2793 temptarentur,
1570 2709 1742 2792 quod
1786 2708 1948 2773 mihi
1996 2708 2254 2791 quidem

342 2799 595 2863 videtur
659 2821 889 2883 parum
947 2798 1315 2882 probabile,
1378 2801 1717 2881 corruptos
1775 2797 1994 2880 potius
2059 2818 2256 2880 quam

341 2892 681 2952 correctos
746 2889 963 2970 Atque
1010 2886 1168 2951 adeo
1213 2903 1470 2950 ne'una
1507 2885 1764 2967 quidem
1808 2884 2257 2970 dittographia

340 2976 410 3039 in
455 2977 659 3042 classe
708 2975 985 3040 secunda
1026 3011 1100 3021 -
1146 2996 1340 3057 quam
1388 2973 1590 3037 credit
1633 2971 1935 3037 Kellerus
1979 3009 2053 3019 —-
2089 2972 2257 3037 codi-

342 3086 488 3128 cum
533 3063 1041 3129 Horatianorum
1086 3063 1241 3127 talis
1290 3065 1421 3146 est,
1465 3065 1541 3126 ut
1587 3065 1763 3127 certo
1811 3064 2066 3126 constet
2112 3082 2257 3125 eam

338 3151 664 3217 Mavortio
713 3173 852 3216 esse
900 3147 1407 3215 adscribendam.

473 3240 676 3305 Porro
708 3243 979 3324 apparet
1015 3244 1307 3323 tempore
1334 3237 1904 3323 Merovingiorum,
1943 3238 2115 3321 quod
2142 3237 2258 3302 mi-

339 3327 513 3392 nime
542 3332 682 3393 erat
710 3332 1148 3412 opportunum
1178 3328 1427 3411 studiis,
1446 3327 1837 3410 paucissima
1864 3326 2259 3409 exemplaria

338 3413 603 3480 Horatii
649 3417 960 3500 extitisse,
1006 3416 1285 3480 maxime
1330 3416 1402 3479 in
1449 3414 1682 3499 Gallia,
1731 3418 2254 3500 quae-quantum
