2514 3950
854 181 1351 239 PROLEGOMEN
1354 183 1419 239 A.
1890 180 2101 237 LXVII

198 334 493 394 saeculare
546 333 646 392 vel
697 336 838 408 post
891 335 1125 393 saturas
1182 332 1485 394 invenitur
1526 332 1740 408 posita.
1830 331 2104 391 Videnda

199 439 347 497 quae
384 420 682 496 Cruquius
727 421 962 481 notavit
1006 421 1084 480 ad
1128 422 1240 480 sat.
1276 439 1316 494 1,
1360 425 1394 480 1
1443 420 1698 480 initium.
1773 419 1936 479 Illud
1970 438 2105 479 cum

196 509 392 584 inepte
456 509 617 568 dicat
675 509 997 568 Teuffelius
1063 506 1147 584 [h.
1201 509 1320 567 litt.
1375 508 1510 568 Lat.
1565 507 1654 568 ed.
1703 510 1740 568 3
1797 526 1897 584 pg.
1943 504 2103 582 487]

196 597 331 656 inde
382 615 563 674 posse
614 596 840 672 repeti,
893 596 1052 672 quod
1106 615 1178 657 ea
1231 596 1308 656 ab
1362 597 1494 672 ipso
1544 595 1798 656 Horatio
1852 613 1972 654 non
2027 595 2107 654 sit

199 684 400 745 addita
443 685 812 761 reliquorum
857 685 1187 745 carminum
1233 684 1502 758 editioni,
1543 685 1633 744 ita
1678 688 1771 744 est
1816 682 2106 758 explican-

198 773 360 847 dum,
415 775 489 831 ut
541 773 807 833 dicamus
866 792 998 833 eam
1051 773 1410 848 antiquitus,
1465 772 1642 847 plane
1697 775 1768 831 ut
1810 789 1967 830 nunc
2018 771 2105 844 fit,

201 861 379 920 etiam
426 860 477 919 si
520 861 748 937 proprii
790 861 986 921 instar
1028 860 1354 920 haberetur
1397 860 1609 934 libelli,
1651 860 1716 919 in
1758 860 1875 919 fine
1918 858 2108 918 fuisse

199 948 384 1008 totius
430 949 713 1025 sylloges.
788 949 991 1025 Atque
1034 949 1150 1007 huc
1193 949 1513 1025 pertinere,
1558 948 1717 1023 quod
1760 967 1796 1007 a
1838 946 2106 1007 Charisio

197 1039 605 1095 memorantur
652 1034 718 1105 Q.
758 1035 1026 1094 Terentii
1075 1035 1285 1094 Scauri
1337 1037 1746 1095 commentarii
1800 1036 1864 1094 in
1916 1039 2109 1095 artem

198 1123 490 1198 poeticam
525 1123 629 1181 lib.
659 1141 720 1195 x,
764 1126 927 1181 reete
971 1122 1377 1181 coniectavere
1414 1123 1589 1181 docti.
1664 1122 1834 1199 Nam·
1859 1126 2111 1198 apparet

200 1228 336 1270 eum
373 1210 641 1285 singulos
677 1209 865 1268 libros
902 1209 1140 1268 Horatii
1177 1208 1431 1285 singulis
1470 1226 1781 1269 enarrasse
1818 1228 2109 1269 commen-

198 1296 491 1357 tariorum
525 1297 949 1372 voluminibus,
993 1298 1099 1371 ita,
1143 1299 1215 1355 ut
1250 1314 1488 1356 carmen
1524 1298 1829 1356 saeculare
1863 1301 2110 1374 propter

199 1385 588 1462 exiguitatem
624 1385 947 1444 adderetur
985 1385 1235 1444 odarum
1270 1386 1425 1445 libro
1463 1389 1695 1461 quarte.
1769 1384 1940 1454 Quod
1976 1404 2112 1445 cum

196 1474 285 1533 ita
322 1473 418 1548 sit,
464 1491 556 1549 ap.
597 1471 771 1533 Char.
806 1493 865 1549 p.
906 1475 1053 1549 210,
1092 1475 1172 1532 21
1221 1473 1312 1532 ed.
1347 1472 1502 1532 Keil.
1544 1476 1683 1548 post
1725 1475 1827 1534 ubi
1861 1475 2110 1534 lacunae

195 1562 341 1620 nota
384 1560 686 1636 ponenda,
738 1561 859 1621 nisi
911 1562 1305 1638 neglegenter
1355 1561 1674 1620 admodum
1726 1562 1961 1622 locutus
2016 1565 2112 1622 est

199 1647 524 1711 Charisius,

329 1736 463 1795 Iam
506 1755 642 1796 cum
685 1737 750 1796 in
793 1737 1121 1813 archetypo
1167 1736 1436 1797 codicum
1479 1736 2110 1816 Horatianorum,qu1

199 1826 425 1891 extant,
469 1825 618 1884 haec
663 1825 922 1900 epistula
964 1825 1175 1901 utique
1218 1825 1450 1902 proprii
1494 1829 1655 1885 esset
1692 1827 1884 1886 instar
1919 1828 2111 1888 libelli

200 1914 262 1970 et
306 1930 344 1971 a
385 1930 543 1973 nova
586 1913 875 1990 inciperet
919 1913 1163 1990 pagina,
1218 1914 1560 1990 rescissam,
1613 1917 1684 1972 ut
1726 1915 1821 1988 fit,
1875 1919 2111 1992 partem

195 1999 362 2059 illius
401 2000 677 2060 ultimam
713 2003 777 2060 et
804 2001 1119 2060 traiectam
1150 2020 1463 2077 perperam
1494 2006 1748 2078 apparet
1781 2007 1920 2077 post
1946 2005 2109 2082 odae,

196 2105 339 2145 mox
383 2087 460 2146 ab
506 2088 638 2147 aliis
683 2089 1044 2148 translatam
1087 2089 1151 2148 in
1195 2089 1327 2148 loca
1370 2090 1572 2166 paullo
1618 2091 2033 2150 commodiora.

331 2193 398 2253 11,
436 2176 496 2249 3,
535 2177 617 2235 35
666 2179 996 2250 cuicumque
1027 2179 1348 2238 minabitur
1383 2176 1691 2237 Bonfinius
1726 2182 1888 2238 recte
1925 2170 2110 2259 (quoi-

194 2280 435 2337 cwmque
480 2220 684 2323 'Madv
735 2264 965 2325 advers·
1011 2265 1141 2325 crit.
1186 2283 1236 2340 1,
1295 2258 1437 2345 68),
1498 2284 1874 2341 quocumque,
1937 2270 2108 2341 quod«

194 2368 435 2425 eumque
479 2352 650 2411 cdds

208 2502 215 2509 ,
331 2441 392 2513 3,
429 2442 531 2513 46,
570 2441 674 2500 45.
739 2438 940 2499 Secuti
986 2458 1192 2499 sumus
1230 2439 1497 2499 ordinem
1533 2460 1818 2501 versuum
1855 2461 1891 2502 a
1926 2443 2110 2503 Bent-

191 2526 314 2587 leio
358 2526 720 2587 institutum.

333 2616 391 2691 3,
439 2616 519 2675 52
569 2633 697 2691 sqq.
764 2612 1060 2690 Corrupta
1094 2615 1240 2675 haec
1286 2633 1420 2675 esse
1460 2619 1625 2676 recte
1668 2618 1903 2676 monuit
1943 2619 2107 2678 Mad-

189 2702 415 2778 vigius.
504 2702 562 2761 N
567 2721 632 2762 ec
685 2700 844 2761 enim
896 2705 1024 2762 tam
1068 2702 1275 2764 servili
1316 2704 1699 2764 veneratione
1743 2703 2110 2765 Graecorum

188 2791 517 2850 tenebatur
560 2791 875 2864 Horatius,
931 2793 1005 2849 ut
1057 2792 1329 2852 crederet
1378 2792 1532 2851 nihil
1574 2809 1749 2867 posse
1792 2793 2002 2852 novari
2045 2794 2109 2853 in

191 2896 470 2939 sermone
514 2878 757 2957 Latino,
811 2878 928 2938 nisi
982 2878 1142 2954 quod
1196 2898 1270 2939 ex
1315 2878 1541 2939 Graeco
1596 2878 1761 2937 fonte
1807 2883 1967 2940 esset
2011 2881 2107 2941 de-

187 2968 438 3027 tortum.
519 2966 732 3043 Itaque
785 2965 890 3026 ille
932 2966 1184 3043 ¹scripsit
1237 2970 1292 3026 et
1346 2968 1424 3033 si,
1478 2965 1674 3024 minus
1728 2970 1915 3043 recte,
1972 2987 2107 3027 cum

187 3054 398 3129 potius
462 3053 819 3113 disiunctiva
878 3054 1175 3129 particula
1237 3072 1386 3128 opus
1442 3053 1538 3113 sit.
1635 3053 1834 3124 Quare
1890 3057 2106 3117 melius

188 3159 306 3217 pro
351 3144 406 3202 si
449 3142 744 3203 scribetur
788 3158 920 3212 sac,-
973 3159 1114 3200 nam
1165 3141 1465 3217 particula
1518 3144 1612 3202 sin
1655 3142 1943 3202 Horatius
1987 3163 2107 3205 non

187 3228 405 3288 utitur.
497 3230 777 3290 Ceterum
838 3248 909 3289 ex
960 3229 1054 3288 his
1109 3231 1361 3306 apparet
1410 3229 1731 3289 Horatium
1785 3231 2107 3293 credidisse

187 3316 393 3393 poetis
446 3318 673 3378 Latinis
725 3318 952 3377 maiore
1017 3336 1150 3378 esse
1205 3337 1356 3395 opus
1410 3318 1684 3377 cautione
1738 3320 1800 3378 61
1851 3338 1993 3379 cura
2043 3321 2108 3379 in

187 3404 444 3466 Graecis
488 3406 687 3467 verbis
724 3405 1154 3467 transferendis
1192 3425 1372 3483 quam
1407 3406 1473 3466 in
1505 3406 1795 3467 novandis
1829 3408 2106 3485 propriiS.

1717 3504 1785 3556 e·
