2514 3950
252 141 395 215 m]
1104 141 1338 200 LIBER.
2063 134 2181 201 117

256 475 422 553 Quid
463 474 586 539 tibi
627 472 753 557 vis,
796 473 1025 537 mulier
1065 472 1271 558 nigris
1316 471 1692 557 dignissima
1733 472 1983 538 barris?

335 559 604 624 Munera
643 579 754 623 cur
794 557 955 622 mihi
997 557 1226 641 quidve
1269 556 1540 621 tabellas

253 644 457 709 Mittis
468 692 511 727 ‚.
531 663 652 707 nec
693 643 878 707 firmo
921 641 1136 707 iuveni
1175 662 1297 706 nec
1339 641 1513 706 naris
1558 640 1833 707 obesae?

334 728 630 811 Namque
674 727 965 813 sagacius
1014 748 1180 792 unus
1224 726 1488 811 odoror,

252 812 530 897 Polypus
574 834 659 876 an
700 812 913 909 gravis
953 810 1217 876 hirsutis
1263 810 1453 875 cubet
1493 810 1707 876 hircus
1751 810 1823 875 in
1863 811 1981 876 alis
1991 860 2011 895 ‚
2148 822 2183 874 5

337 896 542 972 Quam
586 917 763 960 cams
805 917 950 960 acer
989 896 1102 960 ubi
1143 897 1344 960 lateat
1384 916 1508 961 sus.

255 980 377 1057 Qui
420 979 612 1044 sudor
652 979 838 1043 vietis
884 982 949 1043 et
990 1001 1181 1061 quam
1221 979 1428 1043 malus
1475 979 1754 1063 undique
1795 980 2099 1046 membris

339 1062 587 1128 Crescit
629 1062 816 1144 odor,
864 1082 1008 1125 cum
1049 1082 1214 1145 pene
1259 1063 1468 1126 soluto

254 1146 643 1211 Indomitam
682 1147 984 1229 properat
1023 1145 1269 1210 rabiem
1312 1145 1559 1228 sedare,
1601 1167 1810 1230 neque
1851 1149 1951 1212 illi

337 1229 479 1294 Iam
520 1232 740 1294 manet
780 1229 996 1293 umida
1040 1232 1214 1295 creta
1255 1230 1558 1313 colorque
2121 1245 2187 1295 ιο

256 1314 546 1381 Stercore
588 1314 837 1378 fucatus
883 1314 1216 1397 crocodili,
1265 1314 1516 1399 iamque
1560 1315 1849 1380 subando

338 1399 544 1463 Tenta
587 1398 822 1464 cubilia
862 1400 1155 1483 tectaque
1198 1399 1472 1483 rumpit·-

252 1483 376 1549 Vel
417 1504 561 1547 mea
603 1504 748 1547 cum
791 1483 994 1547 saevis
1039 1484 1244 1568 agitat
1285 1450 1544 1548 fastidia
1585 1484 1830 1549 verbis:

337 1567 623 1633 ‘Inachia
664 1568 931 1653 langues
974 1568 1186 1632 minus
1229 1589 1306 1632 ac
1346 1589 1477 1653 me3

252 1652 579 1717 Inachiam
620 1655 720 1716 ter
761 1655 951 1717 nocte
993 1655 1208 1738 potes,
1251 1652 1413 1717 mihi
1455 1674 1706 1743 semper
1748 1654 1831 1717 ad
1872 1675 2071 1719 unum
2120 1666 2184 1717 15

335 1737 553 1801 Mollis
598 1757 778 1820 opus,
865 1736 1095 1802 Pereat
1134 1738 1333 1820 male,
1378 1758 1538 1821 quae
1581 1740 1647 1802 te

252 1820 483 1885 Lesbia
526 1820 854 1903 quaerenti
894 1823 1149 1884 taurum
1190 1821 1576 1885 monstravit
1616 1821 1916 1906 inertem,

340 1904 504 1970 Cum
545 1903 707 1966 mihi
751 1901 921 1967 Cous
966 1903 1216 1967 adesset
1255 1905 1573 1987 Amyntas
1589 1951 1608 1986 ,

255 1988 453 2055 Cuius
497 1988 568 2052 in
609 1986 923 2051 indomito
969 1987 1366 2052 constantior
1407 1987 1673 2071 inguine
1714 2009 1976 2072 nervus,

342 2072 545 2149 Quam
585 2092 755 2136 nova
798 2071 1067 2135 collibus
1111 2071 1301 2135 arbor
1341 2069 1650 2135 inhaeret.
2120 2087 2189 2136 zo

251 2157 605 2223 Muricibus
648 2154 857 2239 Tyriis
901 2156 1164 2220 iteratae
1206 2155 1444 2220 vellera
1485 2155 1670 2220 lanae

340 2240 462 2307 Cui
501 2239 1048 2325 properabantur‘?
1115 2239 1264 2304 Tibi
1304 2261 1568 2324 nempe,

253 2325 357 2391 Ne
400 2326 568 2390 foret
610 2325 904 2407 aequales
947 2325 1117 2389 inter
1161 2325 1459 2408 conviva,
1503 2324 1710 2410 magis
1756 2346 1944 2408 quem

339 2408 654 2494 Diligeret
695 2409 925 2474 mulier
968 2430 1082 2473 sua
1124 2430 1315 2492 quam
1356 2411 1440 2473 te.

256 2492 313 2558 Ο
360 2514 480 2577 ego
521 2514 656 2557 non
689 2493 874 2578 felix,
919 2514 1108 2577 quam
1150 2497 1224 2557 tu
1266 2493 1440 2578 fugis
1482 2495 1556 2557 ut
1596 2497 1790 2579 pavet
1831 2515 2005 2560 acres
2118 2508 2185 2558 25

341 2577 537 2662 Agna
579 2577 763 2661 lupos
810 2598 1197 2663 capreaeque
1240 2577 1505 2643 leones.’

1119 2868 1317 2944 XHI.

252 2997 535 3062 Horrida
576 3000 708 3062 tem
755 3001 922 3063 estas
967 3000 1212 3064 caelum
1257 2998 1601 3082 contraxit,
1648 3003 1715 3065 et
1755 3001 1990 3066 imbres

340 3081 663 3166 Nivesque
731 3082 1008 3147 educunt
1019 3082 1269 3168 Iovem3
1292 3105 1464 3148 nunc
1486 3105 1679 3169 mare,
1698 3105 1870 3149 nunc
1886 3085 2081 3150 siluae

260 3164 556 3229 Threicio
600 3165 922 3249 Aquilone
967 3171 1217 3231 sonant.
1291 3167 1641 3252 Rapiamus
1652 3217 1672 3252 ‚
1719 3169 1951 3253 amice,

344 3247 761 3314 Occasionem
804 3250 882 3315 de
926 3250 1059 3332 die,
1109 3250 1382 3335 dumque
1425 3252 1636 3318 virent
1674 3273 1888 3337 genua

254 3331 346 3399 Et
387 3331 600 3415 decet,
644 3334 920 3399 obducta
964 3334 1245 3399 solvatur
1288 3335 1501 3401 fronte
1546 3339 1858 3401 senectus,
2156 3348 2190 3399 5

341 3414 439 3481 Tu
481 3415 632 3481 vina
666 3417 989 3503 Torquato
1033 3439 1219 3484 move
1265 3420 1525 3487 consule
1567 3441 1789 3505 pressa
1831 3441 2005 3505 meo;
