2514 3950
216 204 374 279 κη]

1021 205 1238 259 LIBER
1280 205 1324 263 Ι.

1068 437 1261 512 XVI.

418 570 474 635 Ο
517 573 720 635 matre
739 569 1030 669 pulchra
1071 569 1205 633 filia
1246 569 1602 654 pulchrior,

417 654 620 732 Quem
665 654 1023 720 criminosis
1070 676 1337 738 cumque
1378 656 1553 719 voles
1595 655 1854 719 modum

512 740 723 805 Pones
766 739 1028 822 iambis,
1074 739 1206 803 sive
1248 739 1509 802 flamma

610 823 757 890 Sive
799 824 959 888 mari
1003 823 1160 888 libet
1200 823 1551 889 Hadriano,

416 958 571 1023 Non
614 958 1044 1041 Dindymene,
1089 980 1224 1022 non
1269 959 1475 1041 adytis
1521 961 1726 1042 quatit

417 1040 705 1105 Mentem
750 1008 1151 1105 sacerdotum
1194 1043 1408 1106 incola
1449 1042 1747 1126 Pythius,

512 1124 667 1189 Non
709 1124 900 1187 Liber
944 1145 1170 1206 aeque,
1216 1146 1352 1187 non
1395 1130 1583 1188 acuta

617 1206 686 1272 Si
729 1207 1065 1292 geminant
1108 1206 1504 1291 Corybantes
1557 1230 1731 1291 aera,

419 1341 660 1406 Tristes
704 1344 779 1407 ut
818 1343 980 1440 irae,
1026 1364 1182 1426 quas
1225 1364 1432 1426 neque
1475 1342 1750 1407 Noricus

422 1424 718 1491 Deterret
762 1427 933 1491 ensis
975 1449 1095 1491 nec
1137 1448 1313 1491 mare
1356 1427 1544 1490 naufi·

511 1509 650 1577 Nec
695 1533 919 1576 saevus
953 1512 1136 1608 ‘ignis
1179 1532 1300 1575 nec
1340 1514 1591 1575 tremen
1637 1533 1673 1575 o

614 1595 904 1680 Iuppiter
946 1595 1085 1679 ipse
1126 1616 1319 1660 ruens
1360 1596 1658 1660 tumultu.

419 1730 649 1795 Fertur
690 1729 1108 1794 Prometheus
1154 1731 1384 1795 addere
1428 1731 1703 1815 principi

420 1813 604 1878 Limo
651 1818 908 1879 coactus
951 1815 1330 1912 particulam
1372 1814 1652 1911 undique

511 1897 855 1963 Desectam
899 1900 964 1962 et
1005 1899 1218 1962 insani
1261 1899 1468 1962 leonis

614 1982 765 2048 Vim
809 1982 1139 2047 stomacho
1185 1983 1557 2066 adposuisse
1599 1985 1834 2047 nostro.

420 2116 564 2181 Irae
609 2116 932 2200 Thyesten
977 2117 1169 2182 exitio
1214 2117 1398 2202 gravi

425 2139 749 2266 Straverey
763 2204 828 2266 et
871 2201 1017 2265 altis
1060 2200 1323 2266 urbibus
1366 2201 1629 2266 ultimae

515 2285 761 2354 Stetere
811 2307 1068 2368 causae,
1114 2307 1225 2350 cur
1238 2271 1550 2370 perirent

615 2370 929 2452 Funditus
973 2370 1467 2453 inprimeretque
1511 2371 1709 2434 muris

419 2504 674 2569 Hostile
720 2508 1002 2569 aratrum
1046 2504 1357 2568 exercitus
1399 2505 1703 2569 insolens,

428 2587 758 2672 Conpesce
800 2591 1113 2652 mentem.
1156 2610 1261 2653 me
1305 2610 1554 2671 quoque
1596 2587 1873 2673 pectoris

515 2672 884 2756 Temptavit
925 2672 995 2736 in
1039 2672 1209 2736 dulci
1250 2672 1511 2737 iuventa

616 2755 856 2820 Fervor
898 2758 965 2821 et
1006 2756 1076 2820 in
1119 2757 1355 2821 celeres
1399 2756 1646 2821 iambos

421 2890 603 2955 Misit
642 2891 988 2978 furentem3
1033 2911 1206 2955 nunc
1246 2912 1281 2954 e
1329 2910 1365 2953 o
1406 2890 1668 2954 mitibus

422 2974 675 3043 Mutare
719 2996 953 3059 quaero
973 2942 1238 3057 tristia,
1327 2996 1435 3036 um
1477 2973 1636 3038 mihi

514 3059 665 3124 Fias
704 3059 1047 3124 recantatis
1092 3058 1299 3122 amica

617 3143 994 3228 opprobriis
1040 3143 1445 3227 animumque
1488 3139 1734 3208 reddas·

1022 3366 1327 3376 ———-.

2062 198 2141 264 15

2077 1439 2142 1488 10

2075 1911 2139 1960 15

2072 2383 2142 2432 20

2074 2904 2142 2954 25
