2514 3950
374 185 498 250 114
1181 186 1479 244 EPoDoN
1837 270 1840 273 Ι
2137 190 2316 265 [πῃ.

496 352 565 421 N
565 373 637 417 ec
680 352 766 416 sit
805 350 1065 435 marita,
1111 371 1274 435 quae
1316 351 1793 418 rotundioribus

582 435 831 501 Onusta
871 435 1076 500 bacis.
1092 434 1393 500 ambulet.

371 534 435 584 15
497 518 664 598 Quid
706 518 876 604 quod
918 519 1122 583 libelli
1166 520 1352 584 stoici
1394 520 1565 584 inter
1608 520 1844 584 sericos

578 605 794 669 Iacere
835 603 1136 688 pulvillos
1182 603 1444 668 amant?

495 687 817 754 Inliterati
856 708 1013 751 num
1056 689 1264 772 magis
1305 688 1486 753 nervi
1526 688 1770 773 rigent,

580 773 874 837 Minusve
919 772 1185 855 languet
1224 771 1586 836 fascinum?

495 855 682 934 Quod
722 859 798 921 ut
839 855 1112 940 superbo
1156 876 1464 940 provoces
1509 856 1589 921 ab
1633 854 1930 942 inguine,

365 954 435 1004 20
566 941 691 1006 Ore
736 938 1304 1005 adlaborandumst
1345 939 1484 1004 tibi.

1210 1229 1445 1305 VIIII.

486 1361 756 1439 Quando
798 1383 868 1427 re
914 1364 1125 1427 ostum
1162 1359 1526 1427 Caecubum
1570 1360 1652 1425 ad
1693 1361 1890 1425 festas
1935 1361 2167 1447 dapes,

571 1445 833 1512 Victore
866 1384 1078 1511 paetus
1123 1444 1424 1529 Caesare,

485 1530 722 1595 Tecum
766 1531 883 1596 sub
928 1530 1060 1594 alta
1085 1566 1171 1580 —
1201 1531 1294 1594 sic
1336 1528 1476 1594 Iovi
1517 1532 1772 1614 gratum
1800 1567 1885 1578 -
1914 1529 2104 1595 domo
2118 1577 2141 1614 ,

568 1614 767 1679 Beate
808 1613 1178 1711 Maecenas3
1221 1613 1441 1679 bibam

356 1709 388 1760 ὅ
490 1697 771 1764 Sonante
813 1696 1083 1762 mixtum
1123 1697 1301 1761 t1biis
1346 1718 1602 1763 carmen
1643 1698 1810 1782 lyra,

566 1781 707 1846 Hac
749 1779 1053 1866 Dorium,
1096 1781 1225 1845 illis
1269 1781 1652 1846 barbarum?

480 1864 573 1931 Vt
612 1887 847 1951 nuper,
894 1869 1072 1932 actus
1117 1887 1262 1931 cum
1304 1866 1469 1931 freto
1511 1865 1876 1949 Neptunius

563 1949 712 2016 Dux
752 1951 824 2015 fu
876 1951 923 2015 ‘t
966 1951 1126 2017 ustis
1168 1950 1469 2036 navibus,

478 2035 763 2100 Minatus
866 2036 968 2100 rbi
1009 2037 1253 2120 vincla,
1301 2057 1463 2120 quae
1506 2034 1864 2100 detraxerat

354 2131 420 2181 ιο
564 2119 774 2185 Servis
818 2121 1060 2185 amicus
1101 2121 1381 2204 perfidis·

476 2203 806 2267 Romanus
879 2202 1039 2268 eheu
1097 2241 1186 2252 —
1212 2205 1455 2288 posteri
1497 2203 1819 2289 negabitis
1847 2240 1933 2253 —-

559 2286 1020 2372 Emancipatus
1061 2287 1338 2352 feminae

470 2370 622 2436 Fert
662 2372 902 2436 vallum
945 2374 1011 2437 et
1052 2393 1229 2436 arma
1270 2372 1455 2437 miles
1499 2374 1564 2437 et
1607 2370 1994 2456 spadonibus

563 2454 810 2520 Servire
852 2458 1106 2542 rugosis
1147 2459 1390 2541 potest,

351 2551 413 2601 15
470 2539 773 2623 Interque
816 2540 1004 2637 signa
1043 2544 1228 2625 turpe
1273 2541 1575 2606 militaria

561 2623 673 2690 Sol
715 2624 990 2708 adspicit
1027 2626 1388 2710 conopium.

471 2708 577 2773 Ad
620 2708 763 2774 hoc‘
785 2709 1128 2782 frementes
1170 2711 1499 2775 verterunt
1538 2708 1638 2774 bis
1680 2709 1857 2773 mille
1901 2728 2101 2791 equos
2238 2769 2244 2774 .

559 2793 761 2878 Galli,
807 2797 1107 2860 canentes
1151 2792 1518 2877 Caesarem,

470 2877 945 2963 Hostiliumque
986 2879 1246 2944 navium
1289 2880 1482 2962 portu
1524 2878 1727 2942 latent

343 2973 411 3023 20
556 2961 810 3059 Puppes
853 2965 1290 3029 sinistrorsum
1332 2964 1513 3028 citae.

469 3045 541 3110 Io
585 3045 940 3131 triumphe,
983 3050 1056 3111 tu
1096 3048 1364 3112 moraris
1409 3067 1634 3110 aureos

554 3128 790 3195 Currus
836 3133 901 3194 et
941 3131 1214 3196 intactas
1257 3129 1496 3195 boves?

466 3214 539 3278 Io
582 3214 934 3299 triumphe,
977 3235 1098 3278 nec
1138 3214 1522 3299 Iugurthino
1566 3235 1787 3299 parem

552 3298 736 3364 Bello
778 3299 1121 3397 reportasti
1166 3297 1423 3383 ducem,

339 3394 406 3444 25
468 3382 569 3448 Ne
614 3404 692 3446 ue
735 3384 1143 3466 Afncanum‚
1189 3383 1293 3446 cui
1335 3404 1408 3447 su
1454 3404 1522 3446 er
1566 3381 2025 3467 Carthaginem

614 3466 773 3531 irtus
815 3468 1177 3553 sepulcrum
1220 3466 1411 3531 condi
1459 3467 1530 3529 ’t.
