2514 3950
207 204 446 278 xmn]
998 209 1214 265 LIBER
1255 212 1325 268 11.
2048 210 2129 275 49

362 367 760 452 Quamquam
805 370 1053 436 choreis
1098 373 1307 457 aptior
1350 377 1415 439 et
1456 375 1613 440 iocis
2059 391 2129 440 25

362 451 667 536 Ludoque
713 454 918 519 dictus
993 477 1128 520 non
1171 460 1272 521 sat
1313 457 1579 523 idoneus

444 536 500 600 P
637 559 711 602 ae
753 539 1058 604 ferebaris
1137 541 1248 605 sed
1291 542 1462 606 idem

592 622 723 688 acis
769 643 906 687 eras
950 590 1319 708 mediusque
1362 627 1535 691 belli.

360 736 452 802 Te
494 738 656 802 vidit
694 752 920 805 insons
967 740 1279 807 Cerberus
1323 764 1512 808 aureo

365 821 583 887 Cornu
627 822 955 909 decorum,
1001 825 1231 890 leniter
1274 830 1553 893 atterens
2056 845 2130 895 30

446 905 756 991 Caudam,
802 911 868 972 et
908 910 1263 993 recedentis
1308 912 1601 998 trilingui

539 989 664 1056 Ore
706 992 900 1075 pedes
944 995 1285 1079 tetigitque
1331 1017 1529 1061 crura.

1074 1217 1232 1290 XX.

359 1323 512 1390 Non
553 1328 786 1392 usitata
827 1350 948 1394 nec
990 1332 1168 1395 tenui
1210 1331 1379 1395 ferar

366 1405 580 1474 Pinna
622 1412 912 1478 biformis
955 1436 1071 1513 per
1120 1416 1431 1499 liquidum
1476 1417 1732 1482 aethera

443 1493 640 1559 Vates
650 1545 670 1580 ‚
714 1519 920 1581 neque
963 1521 1034 1562 1n
1075 1501 1263 1564 terris
1306 1501 1606 1566 morabor

534 1578 820 1665 Longius
863 1583 1225 1668 invidiaque
1270 1586 1474 1649 maior

361 1694 564 1760 Vrbes
608 1699 979 1783 relinquam.
1065 1702 1219 1769 Non
1265 1724 1415 1788 ego,
1460 1726 1811 1788 pauperum
2083 1722 2121 1772 5

360 1779 634 1865 Sanguis
676 1789 1041 1870 parentum,
1085 1785 1220 1852 non
1249 1809 1370 1872 ego
1383 1836 1401 1872 ‚
1447 1791 1488 1870 †
1511 1810 1698 1872 quem
1726 1812 1947 1876 vocas,

442 1863 691 1930 Dilecte
734 1867 1097 1955 Maecenae,
1146 1872 1337 1937 obibo

534 1948 674 2015 Nec
718 1950 940 2037 Stygia
983 1955 1328 2022 cohibebor
1369 1958 1558 2024 unda.

419 2086 521 2129 am
563 2066 691 2131 iam
733 2069 1020 2135 residunt
1062 2076 1345 2141 cruribus
1392 2098 1651 2161 asperae

413 2150 567 2214 elles
613 2154 678 2215 et
719 2154 935 2219 album
977 2160 1191 2222 mutor
1233 2160 1303 2223 in
1346 2161 1563 2225 alitem
2052 2181 2120 2230 10

441 2232 529 2298 Su
576 2257 756 2320 erne,
803 2244 1274 2327 nascunturque
1295 2245 1487 2309 ·leves

585 2342 654 2384 er
697 2322 936 2408 digitos
978 2349 1357 2411 umerosque
1401 2330 1697 2417 plumae]

353 2434 492 2499 Iam
534 2436 854 2505 Daedaleo
898 2444 1097 2507 tutior
1138 2444 1322 2509 Icaro

351 2517 580 2584 Visam
621 2526 937 2606 gementis
981 2527 1172 2592 litora
1213 2528 1536 2613 Bosphori

438 2602 779 2689 Syrtesque
819 2608 1120 2675 Gaetulas
1165 2634 1435 2678 canorus
2048 2636 2115 2685 15

527 2688 682 2753 Ales
725 2690 1299 2780 Hyperboreosque
1344 2719 1619 2784 campos,

347 2803 455 2868 Me
501 2804 776 2873 Colchus
822 2813 916 2895 et,
964 2814 1072 2896 qui
1117 2816 1474 2881 dissimulat
1515 2821 1754 2883 metum

347 2886 596 2955 Marsae
641 2893 949 2980 cohortis,
994 2897 1208 2964 Dacus
1253 2903 1321 2964 et
1360 2900 1570 2964 ultimi

428 2972 719 3040 Noscent
762 2977 1025 3064 Geloni,
1073 3004 1176 3047 me
1219 2984 1463 3066 peritus

521 3057 746 3125 Discet
785 3061 990 3127 Hiber
1030 3065 1450 3151 Rhodanique
1492 3072 1699 3153 potor.
2039 3093 2112 3141 2⁰

343 3174 582 3241 Absint
622 3178 801 3244 inani
844 3181 1067 3248 funere
1110 3186 1341 3251 neniae
1433 3189 1448 3202 ²

341 3256 703 3345 Luctusque
746 3267 965 3349 turpes
1009 3271 1076 3333 et
1118 3272 1576 3355 querimoniae3

427 3341 754 3490 Ooffesce
799 3351 1139 3418 clamorem
1183 3377 1257 3421 ac
1301 3359 1573 3442 sepulcri

586 3430 702 3494 itte
749 3454 1166 3518 supervacuos
1211 3440 1507 3507 honoreS.

414 3589 528 3623 ΤΠΒ.

929 3561 1091 3571 -—

263 3578 411 3620 Hora
