2514 3950
225 175 340 248 111.]
1018 172 1234 227 LIBER
1276 171 1320 228 1.
1696 184 1699 188 Α
2100 164 2143 229 5

223 336 371 402 Leti
406 335 714 420 corripuit
753 334 1043 420 gradum.

302 420 620 507 Expertus
662 441 932 484 vacuum
973 418 1297 483 Daedalus
1342 440 1489 484 aera

233 505 457 570 Pinm‘s
499 524 635 569 non
674 503 922 568 homini
971 503 1168 588 datis3
2077 512 2143 563 35

301 589 599 673 Perrupit
639 587 1009 652 Acheronta
1049 586 1401 652 Herculeus
1445 586 1644 651 labor.

221 724 332 791 Nil
373 723 749 788 mortalibus
793 721 1064 808 arduist3

305 807 570 875 Caelum
610 808 822 892 ipsum
863 807 1140 891 petimus
1184 807 1483 890 stultitia,
1526 825 1733 888 neque

222 893 343 958 Per
383 895 677 957 nostrum
716 891 997 976 patimur
1036 891 1240 955 scelus

305 975 620 1042 Iracunda
661 974 879 1040 Iovem
921 995 1160 1058 ponere
1202 975 1495 1039 fulmina.
2081 984 2150 1035 40

1096 1311 1261 1386 IIII.

227 1463 506 1531 Solvitur
549 1461 712 1528 acris
755 1460 961 1526 hiems
985 1464 1193 1546 'grata
1234 1459 1374 1525 vice
1416 1459 1581 1525 veris
1626 1461 1692 1525 et
1732 1459 2005 1546 Favoni,

309 1547 721 1631 Trahuntque
765 1546 964 1611 siccas
1006 1545 1344 1611 machinae
1388 1545 1663 1628 carinas,

224 1634 323 1697 Ac
343 1653 549 1716 neque
567 1631 698 1696 iam
720 1631 986 1696 stabulis
1008 1629 1247 1716 gaudet
1269 1650 1464 1714 pecus
1486 1632 1597 1694 aut
1617 1631 1827 1694 arator
1853 1630 2024 1715 igni,

307 1716 447 1783 Nec
488 1718 671 1801 prata
714 1715 888 1780 canis
933 1714 1214 1780 albicant
1254 1714 1521 1798 pruinis.

223 1852 363 1916 Iam
394 1850 708 1934 Cytherea
737 1851 964 1914 choros
1004 1849 1179 1914 ducit
1205 1848 1426 1913 Venus
1455 1849 1809 1913 inminente
1852 1848 2003 1912 luna
2014 1896 2033 1931 ‚
2118 1859 2152 1910 5

201 1969 207 1974 -
309 1935 698 2018 Iunctaeque
738 1932 1059 2016 Nymphis
1105 1931 1364 1997 Gratiae
1408 1931 1699 1996 decentes

226 2020 499 2083 Alter-no
513 2021 752 2081 terram
808 2016 1062 2079 uatiunt
1080 2014 1263 2099 pede,
1276 2013 1427 2077 dum
1436 2036 1661 2099 graves
1677 2015 2030 2099 Cyclopum

311 2101 640 2167 Volcanus
683 2122 755 2164 ar
799 2120 912 2164 ens
955 2099 1087 2163 urit
1137 2098 1445 2163 officinas.

224 2237 419 2317 Nunc
448 2236 629 2301 decet
653 2237 763 2299 aut
781 2234 970 2299 viridi
987 2234 1264 2299 nitidum
1284 2236 1478 2318 caput
1502 2233 1790 2318 inpedire
1816 2236 2028 2317 myrto

312 2323 447 2386 Aut
485 2320 642 2386 flore
683 2322 891 2384 terrae
935 2340 1125 2403 quem
1167 2319 1385 2383 ferunt
1414 2318 1668 2401 ‚solutae
1682 2343 1697 2359 ·
2091 2332 2158 2381 10

192 2404 418 2472 ’Nunc
459 2408 525 2470 et
564 2405 634 2469 in
661 2404 979 2468 umbrosis
1008 2402 1228 2467 Fauno
1275 2403 1458 2467 decet
1494 2369 1804 2468 inmolare
1848 2402 2029 2487 lucis,

315 2489 439 2555 Seu
479 2491 705 2573 poscat
746 2509 917 2573 agna
959 2487 1091 2553 sive
1133 2487 1319 2551 malit
1358 2486 1582 2552 haedo·

225 2624 480 2689 Pallida
497 2643 670 2688 mors
694 2642 893 2706 aequo
922 2623 1138 2707 pulsat
1162 2622 1325 2707 pede
1352 2644 1704 2707 pauperum
1730 2623 2030 2687 tabernas

313 2708 688 2793 Regumque
729 2710 958 2773 turres.
1049 2705 1103 2771 Ο
1146 2707 1333 2771 beate
1378 2706 1577 2790 Sesti,

227 2790 421 2859 Vitae
440 2814 687 2858 summa
707 2792 917 2856 brevis
935 2812 1115 2875 spem
1131 2812 1250 2855 nos
1268 2794 1443 2856 vetat
1464 2790 1765 2855 incohare
1786 2792 2066 2875 longam.
2097 2802 2159 2853 15

313 2876 454 2942 Iam
495 2879 561 2941 te
602 2879 852 2961 premet
891 2896 1051 2959 nox,
1096 2875 1473 2959 fabulaeque
1516 2874 1740 2940 Manes
1753 2923 1775 2958 ,

224 3012 318 3078 Et
360 3011 586 3076 domus
631 3012 811 3076 exilis
853 3010 1183 3097 Plutonia3
1229 3032 1354 3094 quo
1401 3010 1593 3076 simul
1632 3010 1894 3094 mearis',

313 3095 454 3162 Nec
495 3118 696 3180 regna
736 3096 871 3160 vini
916 3095 1180 3160 sortiere
1223 3095 1405 3179 talis,

228 3179 370 3246 Nec
395 3183 685 3244 tenerum
711 3178 994 3263 Lycidan
1014 3179 1359 3263 mirabere,
1391 3201 1515 3265 quo
1543 3179 1709 3244 calet
1736 3180 2033 3243 iuventus

315 3262 507 3330 Nunc
550 3264 759 3329 omnis
803 3273 868 3330 et
908 3284 1059 3328 mox
1100 3264 1381 3350 virgines
1424 3265 1751 3349 tepebunt.
2094 3275 2164 3324 20
