2514 3950
340 128 439 182 Lx
536 174 540 185 .
631 108 637 127 '
1013 127 1585 183 PROLEGOMENA·

300 272 305 275 ’
340 276 587 336 iecturis
648 296 823 354 opu83
876 295 1016 336 nam
1068 280 1231 337 reete
1279 275 1540 337 Orellius
1595 279 1656 336 et
1699 275 2064 335 Kirohnerus
2122 294 2264 334 cum

342 365 644 440 plerisque
702 365 833 424 aliis
888 366 1038 424 illud
1088 368 1241 429 sati-s·¹
1284 365 1664 426 referendum
1719 364 2135 424 existimarunt
2179 365 2262 424 ad

342 469 553 512 vocem
599 453 1070 530 praecedentem.

479 544 515 600 6
530 586 544 613 ,
603 544 685 601 67
755 542 1019 615 dapibus.
1089 546 1274 616 prout
1332 544 1533 615 cuique
1584 541 1826 601 libidost.
1924 541 2021 599 Ita
2073 541 2265 617 vulgo

345 629 600 705 synizesi
646 629 980 690 durissima.
1070 629 1269 707 Igitur
1312 631 1563 703 rectius,
1608 631 1679 687 ut
1722 632 1901 706 puto,
1944 628 2262 689 Bentleius

345 718 624 791 dapibus:
671 735 799 777 oum
833 723 901 778 ut
935 735 981 777 e.
1019 719 1075 786 l..
1121 722 1190 777 ut
1225 719 1291 776 in
1324 719 1499 792 parte
1534 717 1825 776 bonorum
1863 719 1955 776 est
1991 717 2263 776 codicum

343 808 524 880 atque
572 805 720 865 adeo
765 806 829 865 in
868 804 1144 866 Gothano
1192 805 1465 865 seeundo,
1543 805 1705 863 Illud
1751 823 1880 866 cum
1924 823 2041 881 quo
2076 805 2263 881 perti-

345 896 531 965 neret¹
587 912 721 953 eum
794 912 1009 969 parum
1072 892 1511 952 intellexissent
1583 893 1841 967 librarii,
1923 893 2000 952 ab
2069 894 2260 952 inter-

344 982 721 1056 polatoribus
767 982 933 1042 venit
977 981 1041 1040 id
1086 982 1245 1057 quod
1292 983 1385 1041 est
1423 986 1621 1055 prout.

475 1107 548 1165 11,
597 1091 665 1162 7,
714 1090 825 1165 21,
883 1090 966 1148 22
1029 1104 1147 1146 non
1199 1088 1378 1155 dieeS,
1432 1089 1597 1148 hodie
1642 1106 1915 1161 quorsum
1958 1088 2097 1146 haee
2140 1092 2267 1146 tam

342 1178 548 1250 putida
593 1177 843 1239 tendant.
934 1175 1094 1234 Male
1148 1175 1335 1252 vulgo
1381 1176 1545 1236 hodie
1597 1175 1750 1235 illud
1802 1177 1878 1235 ad
1923 1175 2126 1251 priora
2169 1194 2262 1234 re-

342 1264 572 1338 ferunt,
630 1284 765 1324 eum
818 1265 1028 1339 aperte
1077 1264 1381 1339 pertineat
1425 1264 1502 1323 ad
1547 1264 1938 1340 insequentia.
2029 1263 2264 1338 Nempe

342 1353 406 1411 id
458 1353 694 1429 quaerit
746 1352 892 1411 Hor.
950 1370 1086 1411 eum
1138 1351 1572 1429 indignatione,
1639 1371 1745 1413 eur
1798 1353 1910 1412 hoe
1965 1352 2060 1412 die
2117 1352 2261 1427 sive,

344 1442 416 1499 ut
451 1442 538 1500 ait
575 1439 868 1513 Catullus,
912 1440 1321 1501 saturnalibus
1361 1443 1585 1518 optimo
1624 1440 1856 1500 dierum
1891 1458 2085 1516 nugas
2120 1441 2260 1499 illas

346 1531 407 1588 et
459 1529 808 1605 quisquilias
864 1528 1133 1603 proferat
1176 1528 1403 1589 Davus.
1494 1528 1774 1589 Ceterum
1828 1530 2034 1604 paullo
2085 1529 2264 1587 aliter

344 1620 526 1692 atque
559 1635 698 1676 erus
724 1617 1000 1676 voluerat
1033 1616 1469 1693 interpretatur
1494 1636 1706 1679 vocem
1733 1635 2006 1693 quorsum
2034 1634 2263 1676 servus,

481 1724 538 1795 7,
570 1725 651 1782 87
689 1739 814 1798 sqq.
851 1725 996 1782 teres
1033 1727 1201 1797 atque
1234 1723 1536 1789 rotwndus,
1576 1724 1793 1781 externi
1827 1721 2038 1796 nequid
2071 1723 2267 1781 valeat

342 1828 448 1886 per
502 1811 620 1869 leve
670 1812 920 1884 morari,
973 1812 1038 1870 in
1082 1830 1248 1885 quem
1300 1827 1514 1869 manea
1565 1813 1689 1869 ruit
1732 1827 1953 1884 semper
2004 1812 2265 1884 fortwna.

347 1898 513 1958 Haeo
567 1901 675 1957 aut
725 1899 959 1957 nullum
1013 1917 1254 1960 sensum
1308 1898 1601 1973 praebent
1655 1902 1763 1958 aut
1807 1899 2264 1958 alienissimum.

348 1986 736 2047 Scribendum
780 1991 846 2048 in
889 2006 1032 2062 quo,·
1078 1989 1141 2047 id
1187 1991 1472 2063 sequente
1518 2006 1578 2046 m
1623 1988 1818 2060 labem
1864 1989 2064 2047 traxit.

480 2093 602 2153 Sat.
638 2112 712 2167 11,
759 2096 825 2167 8,
877 2095 912 2153 6
973 2088 1311 2152 ‘dicendum
1358 2096 1451 2153 est
1496 2094 1582 2152 sie
1626 2092 1973 2169 interpungi
2018 2073 2266 2153 debere:

664 2191 725 2245 in
759 2190 952 2261 primis
989 2191 1247 2245 Lucanus
1285 2206 1421 2259 aper
1456 2189 1573 2244 leni
1607 2189 1717 2243 fuit
1750 2192 1942 2249 austro

667 2266 882 2356 eaptuS,

348 2342 458 2401 hoe
505 2344 621 2401 est:
677 2344 742 2401 in
782 2342 1002 2415 primis
1047 2336 1268 2411 (prima
1314 2337 1469 2414 esea)
1520 2339 1636 2411 fuit
1679 2356 1844 2414 aper,
1900 2345 2102 2415 eaptus
2148 2341 2273 2402 leni

349 2423 588 2489 austro?
679 2429 877 2488 Madv.
923 2427 1156 2486 advers.
1201 2424 1332 2484 erit.
1379 2443 1450 2501 11,
1500 2428 1600 2485 61.

484 2537 550 2608 8,
599 2538 702 2595 30.
776 2532 919 2593 Cdd.
964 2530 1235 2606 plerique
1289 2531 1515 2591 habent
1554 2536 1882 2607 porrexerit
1926 2535 2024 2593 vel
2058 2550 2270 2607 porre-

349 2628 547 2695 wera&
594 2642 626 2683 e
663 2622 878 2698 quibus
924 2621 1207 2677 neutrum
1245 2620 1391 2678 satis
1430 2623 1524 2679 est
1558 2624 1791 2698 aptum3
1836 2640 1976 2681 nam
2013 2627 2271 2697 apparet

348 2717 414 2772 ut
466 2709 786 2788 temporali
841 2711 903 2766 et
956 2706 1207 2781 perfecti
1266 2707 1585 2769 indicativo
1647 2728 1793 2786 opus
1851 2728 1998 2770 esse.
2091 2709 2270 2779 Quod

351 2819 487 2860 eum
528 2801 615 2859 ita
661 2800 760 2871 sit,
806 2794 1062 2870 suspicio
1109 2794 1302 2855 oritur
1346 2800 1668 2875 utrumque
1711 2799 1947 2859 venisse
1994 2817 2030 2857 a
2067 2817 2267 2859 eorre-

350 2888 616 2952 etoribus
671 2883 1165 2960 seribendumque
1206 2888 1471 2958 porrexit
1512 2890 1598 2959 is,·
1653 2890 1728 2947 et*
1760 2888 1987 2947 habent
2032 2886 2271 2949 codices

349 2976 624 3036 nonnulli
657 2974 934 3048 porreaeit.
1512 2966 1517 2971 “

483 3082 592 3156 Ep.
620 3098 661 3153 1,
694 3082 749 3154 1,
782 3080 818 3137 9
845 3081 1041 3152 peccet
1074 3079 1154 3139 ad
1189 3084 1501 3141 extremum
1536 3082 1813 3142 ridendus
1850 3086 1902 3141 et
1935 3082 2043 3141 ilia
2074 3082 2272 3146 ducat.

353 3165 496 3229 ‘Ilia
551 3169 764 3227 ducere
819 3167 891 3225 de
945 3165 1228 3227 iumentis
1284 3169 1527 3242 dieitur,
1581 3188 1835 3245 quorum
1889 3169 1997 3228 ilia
2042 3171 2275 3233 crebris

349 3256 625 3334 pulsibus
672 3254 1000 3314 tenduntur
1044 3275 1372 3332 rursusque
1418 3250 1849 3317 remittuntur'.
1916 3256 1996 3316 M.

487 3365 552 3437 1,
604 3365 682 3422 19
729 3380 885 3423 nunc
928 3365 1090 3423 reete
1135 3362 1475 3439 DobranS,
1520 3379 1638 3420 non
1680 3380 1736 3420 v.
