2514 3950
218 170 343 243 vu]
995 168 1210 225 LIBER
1251 168 1323 228 11.
2007 164 2124 229 181

221 331 378 396 ‘Non
406 351 546 396 sum
568 329 896 396 moechus'
927 330 1045 397 ais.
1103 329 1329 414 Neque
1358 351 1519 481 egri>²⁸
1546 331 1832 416 hercule,
1875 332 2001 417 fur,

664 456 667 459 =
1413 437 1456 480 u
1499 437 1524 479 1
1565 437 1715 480 vasa

215 499 534 564 Praetereo
581 498 833 583 sapiens
879 502 1199 585 argentea.
1289 497 1469 564 Tolle
1510 499 1847 585 periclum3

215 584 339 647 Iam
381 604 546 680 vaga
585 582 878 668 prosiliet
919 582 1118 647 frenis
1161 585 1393 648 natura
1434 584 1715 649 remotis.

213 668 378 732 Tune
406 667 567 731 mhi
604 667 926 750 dominus,
970 688 1184 733 rerum
1213 667 1497 752 imperiis
1539 667 1996 752 hominumque
2062 682 2128 732 ⁷5

211 751 326 816 Tot
351 751 673 836 tantisque
701 750 940 836 minor,
986 772 1175 836 quem
1216 754 1318 817 ter
1344 752 1629 818 vindicta
1660 755 2003 838 quaterque

210 836 277 901 In
321 836 488 902 osita
527 836 693 902 haud
735 857 1038 921 umquam
1080 838 1314 902 misera
1355 838 1702 903 formidine·
1748 837 1999 923 privet?

207 922 261 985 A
303 920 381 986 de
408 942 597 1005 super
607 969 627 1005 ,
672 920 857 986 dictis
901 920 1072 1003 quod
1112 942 1247 987 non
1290 922 1492 1004 levius
1534 923 1772 988 valeat:
1815 944 1967 988 nam
1977 971 1998 1005 ,

209 1004 345 1070 Sive
385 1004 658 1069 vicarius
703 1007 830 1088 est,
874 1004 984 1086 qui
1026 1024 1208 1069 servo
1251 1009 1468 1089 paret,
1510 1006 1607 1071 uti
1647 1027 1787 1071 mos

206 1086 426 1152 Vester
481 1087 601 1169 ait,
658 1108 770 1151 seu
825 1106 1194 1172 conservus3
1249 1088 1369 1152 tibi
1412 1088 1577 1237 §uid
1637 1110 1777 1155 sum
1831 1090 1998 1175 ego?
2060 1103 2127 1153 80

1480 1193 1580 1242 em
1627 1193 1662 1237 e
1701 1210 1706 1217 ·

206 1254 329 1338 Tu,
372 1253 532 1319 mihi
574 1255 684 1339 qui
724 1254 1083 1338 imperitas,
1127 1255 1273 1319 aliis
1317 1256 1515 1321 servis
1557 1194 1752 1321 riiiser
1794 1259 1982 1341 atque

206 1338 465 1404 Duceris
508 1341 582 1404 ut
621 1339 834 1404 nervis
878 1339 1103 1405 alienis
1144 1339 1383 1405 mobile
1426 1341 1694 1427 lignum.

204 1423 506 1499 Quisnam
525 1422 724 1509 igitur
751 1423 956 1489 liber?
1003 1423 1294 1508 Sapiens,
1327 1424 1450 1490 sibi
1471 1425 1580 1508 qui
1603 1426 2003 1510 imperiosae,

204 1507 404 1583 Quem
431 1528 637 1591 neque
678 1509 1013 1593 pauperies
1055 1529 1262 1592 neque
1290 1529 1475 1658 morta³
1504 1531 1711 1594 neque
1750 1511 2004 1575 vincula

1476 1597 1655 1659 rrent

197 1676 596 1761 Responsare
641 1677 1076 1762 cupidinibus,
1121 1681 1530 1744 contemnere
1573 1645 1850 1744 honores
2060 1691 2125 1742 85

196 1760 439 1846 Fortis,
484 1764 548 1826 et
589 1762 660 1825 in
690 1782 759 1826 se
800 1762 942 1846 ipso
986 1764 1160 1826 totus
1169 1811 1191 1846 ,
1235 1765 1402 1827 teres
1441 1765 1630 1847 atque
1656 1762 2001 1848 rotunduS,

193 1844 463 1910 Externi
505 1843 742 1926 nequid
784 1845 995 1909 valeat
1034 1865 1152 1927 pet
1189 1845 1329 1910 leve
1370 1847 1637 1930 morari,

160 1929 275 2000 ,In
360 1949 507 1994 uem
548 1947 775 1993 manca
815 1928 945 1992 ruit
987 1949 1236 2012 semper
1278 1928 1554 1996 fortuna.
1640 1929 1917 1996 Potesne

192 2012 296 2078 Ex
318 1949 428 2076 {is
449 2015 523 2078 ut
549 2032 666 2096 pro
713 2011 877 2077 rium
908 2011 1060 2096 quid
1081 2012 1392 2078 noscere?
1438 2012 1731 2098 Quinque
1760 2015 2001 2081 talenta

194 2095 416 2161 Poscit
456 2097 521 2161 te
562 2117 630 2161 m
725 2117 822 2178 er,
864 2098 1054 2162 vexat
1093 2096 1463 2182 foribusque
1505 2099 1830 2183 repulsum
2060 2113 2128 2162 90

194 2178 535 2245 Perfundit
574 2179 815 2266 gelida,
859 2202 1079 2246 rursus
1122 2184 1339 2247 vocat:
1382 2183 1555 2267 eripe
1597 2186 1628 2247 t
1747 2183 1772 2247 i

191 2263 383 2330 Colla
410 2264 594 2350 iugo,
642 2264 854 2348 ‘liber,
887 2265 1049 2331 liber
1079 2272 1275 2349 sum,'
1308 2265 1410 2332 dic
1437 2268 1584 2353 age!
1712 2287 1801 2332 on
1828 2267 1999 2352 quis:

194 2347 288 2412 Vr
381 2352 446 2413 et
488 2350 660 2414 enim
703 2349 999 2415 dominus
1041 2352 1325 2415 mentem
1362 2372 1498 2415 non
1539 2351 1703 2415 lenis
1732 2354 1798 2416 et
1825 2369 2004 2417 acres

189 2432 284 2498 Su
332 2433 526 2498 iectat
564 2434 735 2499 lasso
781 2434 1073 2499 stimulos
1117 2436 1451 2518 versatque
1491 2437 1874 2520 negantem:

192 2515 320 2581 Vel
363 2537 507 2582 cum
549 2517 853 2582 Pausiaca
894 2521 1141 2602 torpes,
1186 2518 1440 2601 insane,
1483 2514 1747 2603 tabella,
2060 2534 2127 2584 95

186 2599 323 2675 Qui
344 2620 570 2684 peccas
590 2600 803 2665 minus
826 2603 1015 2685 atque
1037 2622 1188 2687 ego,
1215 2623 1361 2668 cum
1381 2602 1567 2669 Fulvi
1586 2602 2001 2688 Rutubaeque

182 2685 332 2750 Aut
384 2683 753 2750 Pacideiani
806 2688 1107 2752 contento
1151 2688 1396 2771 poplite
1438 2689 1636 2753 miror

181 2768 448 2835 Proelia
489 2768 743 2834 rubrica
783 2770 958 2855 picta
1001 2773 1111 2836 aut
1153 2771 1457 2855 carbone,
1501 2771 1678 2837 velut
1719 2772 1776 2836 si

181 2853 287 2919 Re
333 2874 483 2918 vera
523 2856 845 2951 pugnent,
892 2854 1128 2920 feriant
1168 2856 1499 2938 vitentque
1542 2857 1873 2921 moventes

181 2940 396 3003 Arma
437 2936 599 3002 vin?
665 2937 958 3023 Nequam
1002 2943 1068 3005 et
1109 2943 1391 3004 cessator
1433 2937 1678 3025 Davus3
1724 2942 1793 3004 at
1835 2939 1972 3025 ipse
2031 2954 2128 3002 100

181 3020 462 3087 Subtilis
505 3023 791 3088 veterum
832 3023 1022 3089 iudex
1065 3026 1130 3089 et
1172 3023 1436 3088 callidus
1479 3023 1678 3089 audis.

178 3104 309 3172 Nil
353 3126 472 3190 ego
484 3154 505 3189 ,
549 3106 606 3171 si
649 3105 845 3172 ducor
887 3106 1019 3171 libo
1063 3107 1375 3172 fumante:
1421 3107 1540 3173 tibi
1582 3109 1814 3206 ingens

179 3187 419 3253 Virtus
464 3192 651 3274 atque
695 3192 944 3257 animus
990 3191 1164 3256 cenis
1207 3195 1545 3276 responsat
1586 3192 1861 3277 opimis?

179 3271 590 3354 Obsequium
632 3276 871 3341 ventris
912 3274 1074 3340 mihi
1114 3276 1536 3373 perniciosius
1580 3280 1677 3342 est
1719 3275 1875 3342 cur?

176 3355 407 3441 'Pergo
451 3355 698 3439 plector
739 3360 927 3425 enim.
1016 3358 1139 3435 Qm
1179 3363 1252 3425 tu
1294 3361 1648 3445 inpunitior
1688 3360 1829 3445 illa,
2033 3373 2128 3423 105

173 3439 373 3517 Quae
416 3460 613 3524 parvo
659 3444 822 3509 sumi
863 3447 1218 3529 nequeunt,
1265 3445 1535 3511 obsonia
1578 3444 1842 3530 captas?
