2514 3950
355 139 396 201 6
1118 142 1513 198 CARMINVM
2197 144 2296 218 [ν.

1268 376 1357 451 V.

486 507 641 584 Quis
683 510 885 574 multa
927 509 1184 594 gracilis
1227 510 1293 571 te
1337 529 1495 591 puer
1536 508 1606 571 in
1647 528 1794 572 rosa

483 592 784 658 Perfusus
828 593 1083 677 liquidis
1126 594 1316 677 urget
1358 591 1655 655 odoribus

569 676 801 761 Grato,
846 676 1118 760 Pyrrha,
1165 676 1282 740 sub
1329 676 1557 739 antro?

662 760 782 826 Oui
824 761 1057 825 flavam
1100 761 1335 846 religas
1383 781 1660 843 comam,

357 909 390 959 5
487 896 770 979 Simplex
811 895 1186 959 munditiis?
1244 894 1390 959 Heu
1433 895 1725 978 quotiens
1769 893 1959 958 fidem

484 980 892 1062 Mutatosque
937 980 1088 1043 deos
1129 979 1311 1043 flebit
1353 982 1418 1042 et
1460 1000 1688 1062 aspera

567 1064 656 1130 Ni
742 1063 790 1126 ‘s
835 1085 1109 1146 aequora
1149 1064 1358 1127 ventis

720 1147 1054 1213 mirabitur
1094 1147 1407 1230 insolens,

485 1283 608 1358 Qui
650 1303 822 1347 nunc
862 1285 927 1346 te
970 1282 1200 1346 fruitur
1244 1281 1534 1346 credulus
1580 1303 1800 1363 aurea,

363 1380 426 1428 10
491 1367 612 1443 Qui
657 1388 905 1449 semper
946 1388 1236 1449 vacuam,
1282 1387 1531 1449 semper
1574 1367 1911 1430 amabilem

571 1450 824 1533 Sperat,
869 1451 1119 1514 nescius
1164 1471 1354 1515 aurae

660 1534 951 1599 FallaciS.
1025 1534 1275 1619 Miseri,
1322 1535 1550 1617 quibus

484 1669 876 1752 Intemptata
916 1670 1101 1734 nites.
1175 1669 1283 1733 Me
1326 1669 1546 1733 tabula
1589 1691 1765 1733 sacer

484 1754 717 1819 Votiva
757 1755 966 1838 paries
1010 1754 1250 1818 indicat
1278 1753 1468 1818 uvida

362 1852 425 1900 15
572 1837 692 1904 Sus
741 1838 988 1902 endisse
1029 1838 1278 1922 potenti

725 1923 1059 1989 estimenta
1099 1922 1295 1988 maris
1347 1922 1484 1988 deo.

1252 2262 1375 2335 VI.

487 2396 794 2462 Scriberis
837 2395 1033 2461 Vario
1077 2394 1264 2457 fortis
1309 2395 1375 2456 et
1414 2392 1695 2457 hostium

485 2479 740 2564 Victor,
785 2478 1067 2543 Maeonii
1112 2477 1412 2541 carminis
1456 2476 1622 2557 aliti,

488 2564 691 2640 Quam
731 2586 869 2628 rem
911 2582 1178 2645 cumque
1221 2561 1402 2624 ferox
1442 2563 1711 2627 navibus
1756 2566 1865 2628 aut
1909 2563 2088 2647 equis

571 2649 758 2713 Miles
803 2651 867 2711 te
913 2647 1071 2710 duce
1116 2644 1403 2730 gesserit.

359 2794 392 2845 5
485 2783 654 2865 Nos,
697 2777 1020 2865 Agrippa,
1063 2801 1270 2863 neque
1312 2780 1469 2846 haec
1514 2780 1719 2847 dicere
1762 2803 1896 2847 nec·
1924 2802 2201 2867 gravem

485 2867 763 2931 Pelidae
787 2863 1184 2928 stomachum
1230 2865 1447 2930 cedere
1490 2867 1718 2949 nescii,

483 2951 549 3016 N
552 2971 623 3014 ec
667 2970 885 3013 cursus
931 2947 1200 3031 duplicis
1243 2972 1357 3032 per
1398 2973 1573 3015 mare
1616 2950 1858 3034 Ulixei,

567 3033 634 3098 N
636 3054 706 3097 ec
750 3054 1002 3096 saevam
1044 3032 1299 3117 Pelopis
1345 3034 1598 3100 domum

485 3168 837 3250 Conamur,
879 3171 1102 3233 tenues
1144 3171 1437 3253 grandia,
1485 3171 1635 3235 dum
1675 3169 1880 3254 pudor

361 3266 424 3315 10
478 3252 864 3336 Inbellisque
908 3253 1079 3338 lyrae
1123 3253 1311 3319 Musa
1350 3259 1579 3339 potens
1623 3257 1797 3320 vetat

483 3336 728 3401 Laudes
774 3358 808 3401 e
888 3339 1015 3423 egii
1060 3336 1349 3403 Caesaris
1397 3343 1461 3403 et
1501 3344 1644 3403 tuas

570 3421 775 3505 Culpa
861 3426 1099 3487 eterere
1143 3423 1385 3506 ingeni.
1496 3473 1500 3480 .
