2514 3950
376 162 558 219 XXIV
1043 160 1614 217 PROLEGOMENA.

376 313 548 373 tinuo
594 313 800 372 ordine
844 330 955 372 nec
989 312 1202 372 alienis
1236 311 1582 386 interrupta
1617 311 1918 389 subiungi.
1989 313 2153 376 Nota
2190 333 2287 375 au-

376 405 505 461 tem
546 400 1043 477 interpolatorem
1087 400 1442 461 observasse
1473 399 1735 477 Vergilii
1776 401 1930 460 illud
1975 401 2049 461 de
2084 402 2287 462 eodem

380 488 620 566 Orpheo
666 490 905 550 threicia
948 491 1134 563 fretus
1178 489 1405 549 cithara
1448 489 1772 564 fidibusque
1815 492 2062 551 canoris.

516 597 616 669 12,
664 596 766 670 13,
816 596 898 654 14
944 595 1084 668 quid
1116 597 1296 668 prius
1338 595 1532 654 dicam
1574 595 1760 655 solitis
1791 597 2063 669 parentis
2106 597 2286 657 laudi-

378 686 500 744 bus.
573 682 711 742 Vid.
746 700 899 743 mus.
942 683 1131 742 Rhen.
1167 701 1311 760 xxv,
1354 683 1501 743 567.
1563 682 1872 743 Par-entem
1915 685 2100 744 etiam
2144 684 2288 745 dixit

308 850 313 856 Ι
377 773 586 832 Iovem
621 771 846 831 Seneca
879 772 1055 848 epist.
1095 773 1217 831 107
1266 771 1333 831 in
1375 788 1556 833 versu
1602 790 1883 850 expresso
1929 790 2003 832 ex
2040 771 2286 833 Graeco:

377 862 491 921 duc
520 870 576 920 'o
619 877 846 935 parens
899 861 1140 933 celsique
1191 860 1518 920 dominator
1557 861 1702 934 poli.
1795 861 1934 922 Mox
1986 879 2044 921 v.
2094 864 2171 920 21
2229 863 2289 921 id

379 949 540 1025 quod
584 951 679 1008 est
709 949 955 1024 prochis
990 949 1188 1008 audax
1223 948 1303 1006 ad
1336 948 1686 1024 Minervam,
1722 968 1844 1009 non
1878 949 1956 1008 ad
1990 949 2290 1010 Bacchum

377 1037 680 1113 pertinere
724 1037 1032 1113 perspexit
1074 1036 1401 1096 Bentleius.

518 1145 626 1218 12,
674 1143 784 1218 31,
833 1142 914 1201 32
972 1145 1025 1200 et
1064 1142 1283 1215 minax,
1332 1158 1463 1200 cum
1505 1143 1591 1201 sic
1624 1142 1868 1216 volucre,
1906 1147 2087 1217 ponto
2130 1146 2291 1204 wuda

376 1232 666 1292 recumbit.
729 1228 955 1288 Verum
989 1231 1138 1306 puto
1173 1229 1339 1288 haud
1376 1228 1555 1288 dubie
1592 1230 1751 1305 quod
1786 1231 2013 1306 placuit
2047 1230 2290 1292 Heinsio

378 1323 439 1380 et
488 1319 764 1379 Bentleio
815 1320 901 1380 sic
953 1319 1016 1377 di
1066 1318 1311 1377 vomere.
1401 1316 1560 1376 Nam
1613 1318 1772 1394 quod
1824 1320 2007 1394 vulgo
2064 1322 2292 1396 optinet

379 1426 510 1468 cum
567 1410 652 1468 sic
706 1406 962 1483 voluere,
1019 1404 1223 1482 inepte
1281 1404 1689 1478 ταυτολογεῖς
1739 1410 1801 1466 et
1848 1407 2133 1468 excidisse
2190 1428 2289 1469 vo·

380 1497 577 1556 culam
628 1496 695 1554 in
747 1493 1179 1570 antiquissimis
1235 1494 1676 1569 exemplaribus
1730 1494 1995 1571 Horatii,
2051 1497 2291 1557 rimanti

377 1584 650 1645 lectionis
709 1583 1065 1659 varietateS,
1128 1600 1278 1657 quas
1336 1582 1539 1642 videre
1598 1585 1693 1642 est
1751 1585 1910 1659 apud
1968 1584 2291 1660 Kellerum,

378 1673 554 1734 facile
599 1674 870 1749 apparet.
911 1702 988 1712 -—
1040 1669 1168 1730 Cet.
1206 1671 1279 1729 cf.
1307 1666 1408 1747 'ep.
1448 1673 1515 1748 9,
1556 1673 1612 1730 3.

516 1781 618 1853 12,
639 1778 918 1837 37—44.
957 1775 1209 1838 Omnino
1237 1776 1639 1836 accedendum
1665 1777 2004 1838 existimavi
2028 1777 2291 1855 Hauptio

379 1868 485 1944 qui
530 1865 812 1926 delendos
856 1866 968 1925 hos
1013 1866 1234 1925 asserit
1288 1884 1525 1942 versus,
1581 1883 1729 1940 quos
1785 1866 2023 1941 quidem
2068 1867 2292 1928 alienos

380 1975 418 2017 a
452 1954 761 2034 proposito
807 1954 1086 2015 carminis
1130 1956 1194 2014 et
1235 1952 1468 2014 ratione
1514 1971 1696 2029 quam
1730 1953 1794 2012 in
1829 1954 1975 2017 viris
2011 1955 2292 2017 Romanis

379 2043 748 2106 celebrandis
795 2046 1035 2104 secutus
1084 2046 1178 2103 est
1211 2041 1356 2102 Hor.
1403 2043 1685 2119 suptilius
1729 2043 2058 2121 inquirenti
2100 2045 2294 2105 lucide

378 2134 709 2210 apparebit.
779 2131 951 2191 Vnde
994 2133 1061 2191 in
1098 2151 1195 2192 vv.
1235 2133 1336 2207 35,
1376 2132 1457 2189 36
1505 2131 1681 2190 facile
1726 2133 2058 2192 carebimus
2104 2134 2296 2193 conie-

379 2223 566 2282 cturis
612 2220 946 2295 doctorum,
1001 2238 1034 2278 e
1079 2218 1299 2296 quibus
1345 2217 1493 2277 duas
1539 2219 1953 2278 memorandas
2001 2220 2293 2300 existimo,

379 2310 620 2370 Bentlei
663 2326 815 2369 arme
860 2307 1055 2375 Curti,
1109 2305 1473 2365 Hamacheri
1529 2323 1611 2364 an
1654 2309 1871 2366 catenis
1912 2308 2295 2378 nobilitatum,

378 2398 753 2475 ingeniosam
804 2400 1144 2471 utramque,
1202 2394 1308 2453 sed
1359 2393 1512 2451 hanc
1562 2410 1598 2451 a
1641 2394 1835 2452 metro
1889 2393 2085 2454 minus
2140 2415 2298 2457 com-

379 2486 738 2546 mendatam.
781 2516 856 2526 —
908 2483 1036 2543 Cet.
1073 2483 1146 2542 cf.
1181 2501 1264 2539 m.
1297 2481 1409 2539 Rh.
1447 2499 1589 2556 xxv,
1627 2482 1755 2541 568
1796 2499 1921 2559 sqq.

510 2583 600 2644 Ib.
648 2584 733 2643 43
782 2586 908 2642 arto
950 2581 1031 2656 B,
1077 2582 1210 2654 apto
1254 2597 1312 2638 v.

511 2681 602 2740 Ib.
649 2683 731 2740 47
779 2678 1084 2739 Marcellis
1127 2675 1368 2749 Peerlc.,
1414 2676 1688 2737 Marcelli
1730 2696 1786 2738 v.

509 2798 561 2854 1,
611 2779 712 2853 13,
759 2777 796 2834 3
843 2791 967 2834 vae.
1040 2773 1238 2833 Semel
1282 2775 1395 2833 hac
1436 2773 1634 2834 interi.
1684 2793 1830 2834 usus
1877 2777 1971 2834 est
2013 2774 2181 2852 Hor.‚
2223 2779 2298 2836 ut

379 2869 444 2925 et
488 2866 676 2925 semel
723 2861 845 2939 [111,
894 2863 960 2938 5,
1009 2859 1078 2937 7]
1123 2861 1232 2921 illa
1264 2880 1408 2938 pro,
1453 2881 1779 2938 numquam
1822 2866 1889 2924 ei.

509 2980 561 3038 1,
595 2962 695 3019 14.
765 2958 895 3017 Hoc
932 2975 1189 3031 carmen,
1226 2959 1388 3035 quod
1420 2959 1580 3019 inter
1616 2959 2030 3036 antiquissima
2055 2961 2302 3021 Horatii

378 3050 571 3127 lyrica
611 3046 992 3107 referendum
1025 3045 1283 3124 videtur,
1328 3048 1511 3108 simili
1545 3049 1719 3108 modo
1756 3067 1872 3125 quo
1905 3050 1972 3110 in
2008 3050 2300 3125 sequente

379 3157 518 3197 eum
552 3134 933 3211 Bacchylidis
978 3135 1273 3211 quaedam
1317 3137 1381 3195 in
1424 3138 1697 3213 proprios
1741 3155 1889 3197 usus
1930 3138 2301 3198 convertisse

381 3225 686 3284 existimat
727 3223 998 3301 Iahnius,
1045 3224 1427 3287 abbreviasse
1473 3225 1546 3284 de
1589 3226 1815 3286 maiore
1863 3245 2042 3303 opere
2086 3225 2304 3285 Alcaei

379 3313 681 3391 existimo,
738 3316 807 3373 ut
860 3331 933 3372 ex
983 3314 1279 3389 particula
1333 3315 1592 3390 quadam
1638 3315 1765 3374 eius
1810 3314 2118 3391 integrum
2163 3332 2306 3374 con-

379 3401 602 3461 ficeret.
705 3401 863 3461 Nam
926 3402 1084 3462 hunc
1143 3407 1204 3463 et
1265 3404 1465 3479 ipsum
1521 3402 1952 3478 rempublicam
2003 3403 2143 3464 navi
2198 3403 2306 3461 ad-
