2514 3950
332 2499 398 2550 10

334 2953 397 3003 15

325 3403 395 3455 20

1097 117 1493 174 CARMINVM

507 282 719 367 Atque
764 281 913 347 dum
1000 257 1288 364 recedis?
1321 281 1409 346 ‘io
1454 280 1645 346 trium
1690 281 1830 347 hel’

505 366 660 432 Non
703 368 899 431 semel
989 366 1254 449 cemus,
1300 366 1386 430 ‘io
1431 366 1667 450 triump
1716 367 1807 431 el'

504 450 742 517 Civitas
787 451 995 515 omnis
1040 449 1453 532 dabimusque
1498 448 1659 514 divis

586 534 758 600 Tura
799 534 1112 620 benignis.

503 653 593 718 Te
638 652 856 718 decem
898 651 1064 717 tauri
1105 652 1500 736 totidemque
1544 672 1800 737 vaccae,
1894 714 1903 723 ,

502 737 609 801 Me
650 740 834 801 tener
876 735 1082 801 solvet
1122 736 1359 801 vitulus
1370 784 1389 818 ,
1434 736 1656 801 relicta

505 821 711 885 Matre
755 821 865 905 qui
907 820 1103 906 largis
1146 819 1497 885 iuvenescit
1536 820 1749 885 herbis

586 904 668 969 In
707 926 851 969 mea
892 907 1044 969 vota
1053 952 1072 987 ‚

502 1021 739 1086 Fronte
784 1025 1074 1087 curvatos
1117 1023 1401 1087 imitatus
1447 1022 1628 1109 ignes

500 1105 785 1172 Tertium
826 1106 1044 1172 Lunae
1086 1107 1420 1173 referentis
1465 1110 1677 1172 ortum
1686 1155 1706 1190 ,

502 1189 640 1267 Qua
680 1193 901 1255 notam
945 1190 1154 1264 duxit,
1196 1192 1419 1257 niveus
1462 1191 1695 1275 videri,

585 1274 811 1341 Cetera
853 1275 1083 1340 fulvus.

1144 1397 1449 1407 ———

1222 1531 1351 1605 ΠΙ.

501 1661 702 1739 Quem
745 1664 845 1744 tu,
892 1660 1323 1745 Melpomene,
1370 1663 1566 1728 semel

581 1745 969 1812 Nascentem
1010 1745 1262 1828 placido
1306 1746 1545 1811 lumine
1589 1748 1819 1814 videris
1832 1797 1853 1832 ,

497 1829 688 1894 Illum
730 1850 864 1894 non
907 1829 1088 1894 labor
1129 1828 1437 1895 Isthmius

584 1912 868 1980 Olarabit
907 1913 1222 2001 pugilem,
1267 1935 1402 1980 non
1444 1936 1640 2001 equus
1684 1915 1934 2002 inpiger

498 2032 704 2099 Curru
748 2033 934 2098 ducet
976 2032 1257 2097 Achaico

581 2115 937 2200 Victorem,
981 2138 1063 2181 ne
1107 2139 1187 2183 ue
1229 2138 1333 2182 res
1377 2117 1604 2182 bellica
1648 2116 1850 2182 Deliis

497 2200 812 2266 Ornatum
855 2200 1025 2265 foliis
1113 2222 1294 2266 ucem
1304 2249 1323 2283 ,

583 2282 768 2360 Quod
810 2306 1033 2370 regum
1075 2284 1351 2350 tumidas
1396 2282 1758 2347 contuderit
1800 2284 2036 2368 minas,

499 2402 812 2468 Ostendet
855 2401 947 2469 Oa
992 2403 1204 2487 itoli03

585 2485 710 2551 Sed
754 2507 912 2570 quae
947 2426 1154 2551 ffibur
1195 2505 1394 2569 aquae
1439 2484 1645 2550 fertile
1690 2484 2071 2569 praefluunt,

497 2569 585 2636 Et
627 2572 867 2655 spissae
909 2590 1241 2635 nemorum
1286 2589 1504 2635 comae

580 2654 862 2741 Fingent
903 2654 1129 2719 Aeolio
1175 2653 1455 2719 carmine
1499 2654 1799 2719 nobilem.

498 2772 739 2838 Romae
782 2772 1089 2857 principis
1133 2772 1387 2836 urbium

581 2856 901 2942 Dignatur
945 2857 1197 2923 suboles
1242 2857 1410 2922 inter
1455 2857 1756 2922 amabiles

504 2940 742 3006 Vatum
787 2963 1025 3025 ponere
1067 2963 1170 3007 me
1215 2941 1475 3024 choros,

578 3024 669 3089 Et
709 3025 836 3089 iam
880 3025 1068 3090 dente
1112 3026 1322 3092 minus
1365 3025 1659 3091 mordeor
1702 3025 1936 3089 invido·

498 3141 554 3206 Ο
597 3141 936 3207 testudinis
982 3164 1205 3209 aureae
1891 3206 1896 3210 ,

580 3223 848 3291 Dulcem
892 3247 1051 3309 quae
1095 3227 1464 3310 strepitum,
1508 3225 1703 3307 Pieri,
1749 3226 2064 3308 temperas
2081 3273 2099 3306 ‚

498 3308 552 3373 O
597 3309 790 3373 mutis
835 3329 1085 3394 quoque
1127 3310 1410 3394 piscibus

582 3391 912 3458 Donatura
955 3394 1166 3477 cycni,
1213 3392 1269 3457 si
1312 3392 1535 3475 libeat,
1590 3411 1845 3476 sonum,
