2514 3950
195 203 311 276 xva
962 203 1178 258 LIBER
1218 203 1263 260 1.
1956 199 2082 266 205

192 363 287 431 Nil
320 365 529 430 melius
575 365 792 449 turdo,
836 365 931 429 nil
974 366 1160 430 volva
1201 366 1528 449 pulchrius
1569 368 1824 452 ampla.’

188 449 465 515 Nimirum
494 450 601 515 hic
630 470 751 535 ego
786 471 957 535 sum3
994 471 1146 514 nam
1173 452 1315 515 tuta
1345 454 1410 516 et
1436 453 1698 536 parvola
1725 451 1914 517 laudo
1928 501 1951 536 ‚

189 534 322 599 Cum
357 555 450 598 res
497 534 826 618 deficiunt,
872 534 1026 599 satis
1067 535 1238 599 inter
1279 536 1434 600 vilia
1475 536 1692 601 fortis:

186 617 390 683 Verum
413 618 524 683 ubi
567 618 719 703 quid
745 619 973 683 melius
1004 620 1325 706 contingit
1354 623 1419 685 et
1454 621 1706 685 unctius
1720 668 1739 703 ‚
1783 620 1954 685 idem

183 701 299 766 Vos
337 724 546 786 sapere
591 706 655 768 et
699 704 872 769 solos
916 704 1017 768 aio
1061 703 1224 768 bene
1267 705 1511 788 vivere,
1559 725 1830 789 quorum
2012 717 2078 766 45

182 785 553 872 Conspicitur
593 788 815 853 nitidis
856 788 1124 853 fundata
1163 790 1437 873 pecunia
1478 789 1669 854 villis.

1005 1077 1198 1152 XVI.

169 1209 230 1276 N
231 1231 263 1275 e
299 1208 713 1294 perconteris,
757 1207 993 1272 fundus
1035 1230 1242 1292 meus,
1288 1209 1326 1274 o'
1371 1209 1527 1274 time
1572 1208 1824 1293 Quinti,

165 1296 328 1359 Arvo
367 1296 585 1377 pascat
628 1314 806 1357 erum
848 1314 933 1357 an
972 1292 1147 1357 bacis
1192 1314 1276 1378 op
1348 1296 1523 1358 entet
1573 1294 1776 1359 olivae

163 1378 447 1442 Pomisne
490 1399 574 1442 an
615 1377 817 1461 pratis
861 1399 946 1442 an
988 1378 1220 1442 amicta
1263 1378 1498 1443 vitibus
1540 1378 1744 1443 ulmo:

164 1462 473 1527 Scribetur
514 1462 635 1527 tibi
677 1462 887 1526 forma
928 1462 1282 1545 loquaciter
1325 1465 1388 1526 et
1430 1463 1590 1526 situs
1635 1461 1794 1547 agri.

162 1545 454 1612 Continui
495 1549 776 1629 montes,
819 1546 890 1610 ni
933 1546 1358 1611 dissocientur
1399 1567 1603 1631 opaca
2048 1558 2081 1609 5

157 1630 337 1717 Valle
353 1680 372 1715 ‚
417 1630 529 1696 sed
556 1634 629 1695 ut
661 1632 924 1696 veniens
955 1630 1246 1696 dextrum
1274 1632 1441 1696 latus
1472 1630 1787 1715 adspiciat
1815 1630 1956 1716 Sol,

152 1714 421 1781 Laevum
467 1716 775 1781 decedens
820 1737 1008 1781 curru
1048 1715 1337 1801 fugiente
1378 1719 1662 1800 vaporet.

159 1799 552 1884 Temperiem
593 1798 831 1865 laudes.
919 1800 1086 1875 Quid
1130 1801 1185 1863 si
1226 1799 1580 1865 rubicunda
1620 1800 1888 1885 benigni

150 1883 363 1949 Coma
404 1904 628 1966 vepres
669 1885 734 1946 et
774 1904 981 1965 pruna
1020 1883 1261 1965 ferant,
1307 1883 1362 1946 si
1404 1903 1671 1966 quercus
1715 1886 1780 1947 et
1820 1884 1949 1950 ilex

145 1968 356 2032 Multa
397 1967 585 2052 fruge
613 1988 807 2050 pecus
821 2016 839 2048 ,
884 1965 1089 2030 multa
1132 1966 1462 2031 dominum
1489 1966 1664 2031 iuvet
1690 1966 1959 2032 umbra‘?
2020 1981 2086 2031 10

142 2051 342 2116 Dicas
388 2050 730 2114 adductum
771 2051 1036 2134 propius
1078 2050 1375 2116 frondere
1419 2050 1786 2115 Tarentum.

142 2135 322 2200 Fons
368 2135 562 2199 etiam
604 2135 741 2199 rivo
786 2134 937 2199 dare
978 2156 1217 2199 nomen
1259 2135 1556 2219 idoneuS‚
1599 2139 1675 2199 ut
1713 2156 1834 2200 nec

141 2219 474 2305 Frigidior
516 2218 829 2283 Thracam
870 2240 991 2284 nec
1031 2219 1251 2303 purior
1294 2219 1536 2284 ambiat
1575 2218 1831 2284 Hebrus
1845 2268 1864 2303 ,

135 2304 413 2369 Infirmo
460 2304 655 2388 capiti
697 2304 840 2368 fluit
880 2304 1086 2388 utilis,
1129 2304 1306 2368 utilis
1352 2304 1515 2369 alvo.

132 2388 287 2453 Hae
332 2389 618 2454 latebrae
664 2389 878 2453 dulces
923 2391 1013 2472 et,
1057 2389 1186 2453 iam
1230 2389 1288 2452 si
1331 2387 1562 2471 credis,
1609 2410 1944 2473 amoenae,
2022 2401 2086 2452 15

127 2473 545 2538 Incolumem
588 2473 710 2536 tibi
736 2494 839 2537 me
881 2474 1214 2556 praestant
1241 2471 1720 2555 Septembribus
1760 2473 1958 2539 horiS.

133 2557 242 2621 Tu
286 2560 469 2621 recte
511 2557 703 2639 vivis,
749 2556 806 2620 si
849 2577 1031 2621 curas
1075 2577 1212 2621 esse
1255 2555 1427 2640 quod
1471 2556 1670 2622 audis.

118 2641 469 2707 lactamus
511 2640 643 2704 iam
685 2638 932 2724 pridem
974 2641 1181 2706 omnis
1223 2644 1289 2705 te
1330 2641 1537 2706 Roma
1579 2642 1869 2726 beatum3

119 2725 263 2792 Sed
311 2746 573 2808 vereor,
618 2725 806 2790 necui
850 2725 927 2790 de
967 2729 1034 2789 te
1075 2725 1219 2809 plus
1265 2747 1456 2809 quam
1504 2725 1626 2788 tibi
1672 2725 1918 2809 credas,

111 2811 320 2877 Neve
365 2813 557 2895 putes
602 2809 797 2873 alium
840 2810 1127 2894 sapiente
1169 2810 1468 2893 bonoque
1509 2808 1795 2892 beatum,
2021 2822 2090 2872 20

106 2895 189 2962 N
191 2917 316 2993 eu2
369 2895 430 2959 si
470 2897 537 2960 te
578 2895 853 2979 populus
897 2916 1124 2958 sanum
1165 2896 1463 2976 recteque
1507 2892 1823 2958 valentem

106 2979 452 3064 Dictitet,
504 2981 819 3044 occultam
861 2979 1106 3043 febrem
1150 2976 1268 3041 sub
1311 2978 1564 3060 tempus
1609 2977 1834 3042 edendi

103 3063 532 3128 Dissimules
543 3112 562 3146 ‚
610 3063 812 3128 donec
839 3062 1135 3126 manibus
1177 3064 1418 3126 tremor
1459 3060 1703 3126 incidat
1729 3063 1960 3129 unctis.

104 3147 509 3213 Stultorum
552 3149 841 3212 incurata
882 3146 1089 3231 pudor
1129 3146 1336 3210 malus
1378 3145 1593 3211 ulcera
1637 3148 1818 3212 celat.

103 3230 360 3314 Siquis
410 3231 581 3295 bella
622 3232 742 3297 tibi
784 3234 955 3296 terra
1003 3233 1290 3316 pugnata
1331 3231 1616 3315 marique
2021 3243 2086 3294 25

101 3314 373 3399 Dicat,
427 3317 492 3378 et
530 3315 632 3379 his
675 3317 886 3382 verbis
930 3337 1161 3380 vacuas
1202 3316 1594 3400 permulceat
1638 3336 1848 3381 aures:

98 3399 343 3463 ‘Tene
377 3399 593 3483 magis
623 3402 867 3465 salvum
895 3401 1169 3485 populus
1198 3400 1382 3484 velit,
1415 3421 1499 3464 an
1524 3401 1836 3497 populum
1862 3403 1963 3485 tu,

93 3483 374 3551 Servet
423 3483 494 3548 in
538 3484 834 3571 ambiguo
847 3535 866 3571 ,
912 3486 1020 3570 qui
1064 3485 1342 3550 consulit
1384 3487 1448 3549 et
1488 3484 1609 3548 tibi
1653 3488 1717 3549 et
1757 3484 1934 3569 urbi,
