<?xml version="1.0" encoding="UTF-8"?>
<!DOCTYPE html PUBLIC "-//W3C//DTD XHTML 1.0 Transitional//EN"
    "http://www.w3.org/TR/xhtml1/DTD/xhtml1-transitional.dtd">
<html xmlns="http://www.w3.org/1999/xhtml" xml:lang="en" lang="en">
 <head>
  <title>
</title>
<meta http-equiv="Content-Type" content="text/html;charset=utf-8" />
  <meta name='ocr-system' content='tesseract 3.04.00' />
  <meta name='ocr-capabilities' content='ocr_page ocr_carea ocr_par ocr_line ocrx_word'/>
</head>
<body>
  <div class='ocr_page' id='page_1' title='image "./carmina00horagoog_0209.png"; bbox 0 0 2514 3950; ppageno 0'>
   <div class='ocr_carea' id='block_1_1' title="bbox 242 190 2180 279">
    <p class='ocr_par' dir='ltr' id='par_1_1' title="bbox 242 190 2180 279">
     <span class='ocr_line' id='line_1_1' title="bbox 242 190 2180 279; baseline -0.005 -14"><span class='ocrx_word' id='word_1_1' title='bbox 242 207 383 279; x_wconf 74' lang='lat' dir='ltr'><strong>vm</strong></span> <span class='ocrx_word' id='word_1_2' title='bbox 1096 199 1328 266; x_wconf 83' lang='lat' dir='ltr'><strong>LIBER,</strong></span> <span class='ocrx_word' id='word_1_3' title='bbox 2051 190 2180 256; x_wconf 77' lang='lat'><strong>113</strong></span> 
     </span>
    </p>
   </div>
   <div class='ocr_carea' id='block_1_2' title="bbox 1121 398 1259 472">
    <p class='ocr_par' dir='ltr' id='par_1_2' title="bbox 1121 398 1259 472">
     <span class='ocr_line' id='line_1_2' title="bbox 1121 398 1259 472; baseline -0.014 -1"><span class='ocrx_word' id='word_1_4' title='bbox 1121 398 1259 472; x_wconf 87' lang='lat' dir='ltr'><strong>VH</strong></span> 
     </span>
    </p>
   </div>
   <div class='ocr_carea' id='block_1_3' title="bbox 406 526 2174 957">
    <p class='ocr_par' dir='ltr' id='par_1_3' title="bbox 407 526 1976 706">
     <span class='ocr_line' id='line_1_3' title="bbox 407 526 1972 623; baseline -0.009 -19"><span class='ocrx_word' id='word_1_5' title='bbox 407 539 580 623; x_wconf 84' lang='lat' dir='ltr'><strong>Quo,</strong></span> <span class='ocrx_word' id='word_1_6' title='bbox 625 556 750 621; x_wconf 91' lang='lat' dir='ltr'><strong>quo</strong></span> <span class='ocrx_word' id='word_1_7' title='bbox 795 532 1049 601; x_wconf 80' lang='lat' dir='ltr'><strong>scelesti</strong></span> <span class='ocrx_word' id='word_1_8' title='bbox 1087 529 1321 595; x_wconf 80' lang='lat' dir='ltr'><strong>ruitis?</strong></span> <span class='ocrx_word' id='word_1_9' title='bbox 1389 530 1500 593; x_wconf 84' lang='lat' dir='ltr'><strong>aut</strong></span> <span class='ocrx_word' id='word_1_10' title='bbox 1542 549 1653 593; x_wconf 90' lang='lat' dir='ltr'><strong>cur</strong></span> <span class='ocrx_word' id='word_1_11' title='bbox 1697 526 1972 591; x_wconf 84' lang='lat' dir='ltr'><strong>dexteris</strong></span> 
     </span>
     <span class='ocr_line' id='line_1_4' title="bbox 492 613 1976 706; baseline -0.014 -18"><span class='ocrx_word' id='word_1_12' title='bbox 492 624 817 706; x_wconf 86' lang='lat' dir='ltr'><strong>Aptantur</strong></span> <span class='ocrx_word' id='word_1_13' title='bbox 859 638 1043 683; x_wconf 81' lang='lat' dir='ltr'><strong>enses</strong></span> <span class='ocrx_word' id='word_1_14' title='bbox 1088 613 1374 681; x_wconf 80' lang='lat' dir='ltr'><strong>conditi?</strong></span> <span class='ocrx_word' id='word_1_15' title='bbox 1969 651 1976 657; x_wconf 77' lang='grc'><strong>.</strong></span> 
     </span>
    </p>

    <p class='ocr_par' dir='ltr' id='par_1_4' title="bbox 406 697 1827 865">
     <span class='ocr_line' id='line_1_5' title="bbox 406 697 1827 787; baseline -0.011 -13"><span class='ocrx_word' id='word_1_16' title='bbox 406 708 723 774; x_wconf 83' lang='lat' dir='ltr'>Parumne</span> <span class='ocrx_word' id='word_1_17' title='bbox 766 702 1009 787; x_wconf 81' lang='lat' dir='ltr'><strong>eampis</strong></span> <span class='ocrx_word' id='word_1_18' title='bbox 1054 703 1244 784; x_wconf 86' lang='lat' dir='ltr'><strong>atque</strong></span> <span class='ocrx_word' id='word_1_19' title='bbox 1286 697 1591 782; x_wconf 83' lang='lat' dir='ltr'><strong>Neptuno</strong></span> <span class='ocrx_word' id='word_1_20' title='bbox 1637 716 1827 779; x_wconf 87' lang='lat' dir='ltr'><strong>super</strong></span> 
     </span>
     <span class='ocr_line' id='line_1_6' title="bbox 490 782 1459 865; baseline -0.011 -9"><span class='ocrx_word' id='word_1_21' title='bbox 490 791 795 856; x_wconf 84' lang='lat' dir='ltr'><strong>Fusumst</strong></span> <span class='ocrx_word' id='word_1_22' title='bbox 836 786 1053 853; x_wconf 89' lang='lat' dir='ltr'><strong>Latini</strong></span> <span class='ocrx_word' id='word_1_23' title='bbox 1096 806 1211 850; x_wconf 86' lang='lat' dir='ltr'><strong>san</strong></span> <span class='ocrx_word' id='word_1_24' title='bbox 1309 783 1322 796; x_wconf 88' lang='lat'>&#39;</span> <span class='ocrx_word' id='word_1_25' title='bbox 1378 782 1459 865; x_wconf 77' lang='lat' dir='ltr'><strong>&#39;S‚</strong></span> 
     </span>
    </p>

    <p class='ocr_par' dir='ltr' id='par_1_5' title="bbox 406 864 2174 957">
     <span class='ocr_line' id='line_1_7' title="bbox 406 864 2174 957; baseline -0.01 -15"><span class='ocrx_word' id='word_1_26' title='bbox 406 875 560 943; x_wconf 89' lang='lat' dir='ltr'><strong>Non</strong></span> <span class='ocrx_word' id='word_1_27' title='bbox 598 877 675 939; x_wconf 85' lang='lat' dir='ltr'><strong>ut</strong></span> <span class='ocrx_word' id='word_1_28' title='bbox 716 872 1022 957; x_wconf 86' lang='lat' dir='ltr'><strong>superbas</strong></span> <span class='ocrx_word' id='word_1_29' title='bbox 1065 869 1199 934; x_wconf 86' lang='lat' dir='ltr'><strong>invi</strong></span> <span class='ocrx_word' id='word_1_30' title='bbox 1243 888 1319 933; x_wconf 88' lang='lat' dir='ltr'><strong>ae</strong></span> <span class='ocrx_word' id='word_1_31' title='bbox 1364 864 1777 950; x_wconf 70' lang='lat' dir='ltr'><strong>Carthaginis</strong></span> <span class='ocrx_word' id='word_1_32' title='bbox 2140 875 2174 924; x_wconf 79' lang='lat'>5</span> 
     </span>
    </p>
   </div>
   <div class='ocr_carea' id='block_1_4' title="bbox 410 955 1815 1107">
    <p class='ocr_par' dir='ltr' id='par_1_6' title="bbox 410 955 1815 1107">
     <span class='ocr_line' id='line_1_8' title="bbox 491 955 1326 1033; baseline -0.01 -10"><span class='ocrx_word' id='word_1_33' title='bbox 491 959 822 1023; x_wconf 83' lang='lat' dir='ltr'><strong>Romanus</strong></span> <span class='ocrx_word' id='word_1_34' title='bbox 865 974 1044 1018; x_wconf 84' lang='lat' dir='ltr'><strong>arces</strong></span> <span class='ocrx_word' id='word_1_35' title='bbox 1084 955 1326 1033; x_wconf 85' lang='lat' dir='ltr'><strong>ureret,</strong></span> 
     </span>
     <span class='ocr_line' id='line_1_9' title="bbox 410 1032 1815 1107; baseline -0.009 0"><span class='ocrx_word' id='word_1_36' title='bbox 410 1043 701 1107; x_wconf 81' lang='lat' dir='ltr'><strong>Intaetus</strong></span> <span class='ocrx_word' id='word_1_37' title='bbox 744 1040 856 1102; x_wconf 89' lang='lat' dir='ltr'><strong>aut</strong></span> <span class='ocrx_word' id='word_1_38' title='bbox 894 1036 1244 1100; x_wconf 72' lang='lat' dir='ltr'><strong>Britannus</strong></span> <span class='ocrx_word' id='word_1_39' title='bbox 1288 1037 1362 1096; x_wconf 91' lang='lat' dir='ltr'><strong>ut</strong></span> <span class='ocrx_word' id='word_1_40' title='bbox 1405 1032 1815 1097; x_wconf 76' lang='lat' dir='ltr'><strong>descenderet</strong></span> 
     </span>
    </p>
   </div>
   <div class='ocr_carea' id='block_1_5' title="bbox 409 1118 2179 2214">
    <p class='ocr_par' dir='ltr' id='par_1_7' title="bbox 409 1118 2179 2214">
     <span class='ocr_line' id='line_1_10' title="bbox 497 1118 1243 1199; baseline -0.013 -9"><span class='ocrx_word' id='word_1_41' title='bbox 497 1124 693 1190; x_wconf 78' lang='lat' dir='ltr'><strong>Sacra</strong></span> <span class='ocrx_word' id='word_1_42' title='bbox 737 1121 1067 1186; x_wconf 82' lang='lat' dir='ltr'><strong>catenatus</strong></span> <span class='ocrx_word' id='word_1_43' title='bbox 1109 1118 1243 1199; x_wconf 85' lang='lat' dir='ltr'><strong>via,</strong></span> 
     </span>
     <span class='ocr_line' id='line_1_11' title="bbox 412 1198 1817 1274; baseline -0.011 0"><span class='ocrx_word' id='word_1_44' title='bbox 412 1207 538 1274; x_wconf 85' lang='lat' dir='ltr'><strong>Sed</strong></span> <span class='ocrx_word' id='word_1_45' title='bbox 578 1211 654 1272; x_wconf 92' lang='lat' dir='ltr'><strong>ut</strong></span> <span class='ocrx_word' id='word_1_46' title='bbox 695 1203 1042 1271; x_wconf 82' lang='lat' dir='ltr'><strong>seeundum</strong></span> <span class='ocrx_word' id='word_1_47' title='bbox 1083 1203 1235 1266; x_wconf 83' lang='lat' dir='ltr'><strong>vota</strong></span> <span class='ocrx_word' id='word_1_48' title='bbox 1275 1198 1659 1263; x_wconf 73' lang='lat' dir='ltr'>Parthorum</span> <span class='ocrx_word' id='word_1_49' title='bbox 1702 1218 1817 1261; x_wconf 81' lang='lat' dir='ltr'><strong>sua</strong></span> 
     </span>
     <span class='ocr_line' id='line_1_12' title="bbox 493 1282 2175 1374; baseline -0.009 -17"><span class='ocrx_word' id='word_1_50' title='bbox 493 1290 665 1358; x_wconf 89' lang='lat' dir='ltr'><strong>Vrbs</strong></span> <span class='ocrx_word' id='word_1_51' title='bbox 709 1289 867 1354; x_wconf 82' lang='lat' dir='ltr'><strong>haec</strong></span> <span class='ocrx_word' id='word_1_52' title='bbox 906 1287 1145 1374; x_wconf 86' lang='lat' dir='ltr'><strong>periret</strong></span> <span class='ocrx_word' id='word_1_53' title='bbox 1196 1282 1495 1349; x_wconf 79' lang='lat' dir='ltr'><strong>dextera?</strong></span> <span class='ocrx_word' id='word_1_54' title='bbox 2111 1294 2175 1343; x_wconf 86' lang='grc' dir='ltr'><strong>ιο</strong></span> 
     </span>
     <span class='ocr_line' id='line_1_13' title="bbox 412 1364 1867 1457; baseline -0.01 -14"><span class='ocrx_word' id='word_1_55' title='bbox 412 1378 514 1444; x_wconf 87' lang='lat' dir='ltr'><strong>Ne</strong></span> <span class='ocrx_word' id='word_1_56' title='bbox 558 1397 638 1440; x_wconf 91' lang='lat' dir='ltr'><strong>ue</strong></span> <span class='ocrx_word' id='word_1_57' title='bbox 682 1374 787 1440; x_wconf 84' lang='lat' dir='ltr'><strong>hic</strong></span> <span class='ocrx_word' id='word_1_58' title='bbox 830 1373 998 1457; x_wconf 91' lang='lat' dir='ltr'><strong>lupis</strong></span> <span class='ocrx_word' id='word_1_59' title='bbox 1030 1391 1170 1435; x_wconf 92' lang='lat' dir='ltr'><strong>mos</strong></span> <span class='ocrx_word' id='word_1_60' title='bbox 1209 1389 1331 1434; x_wconf 83' lang='lat' dir='ltr'><strong>nec</strong></span> <span class='ocrx_word' id='word_1_61' title='bbox 1373 1367 1499 1432; x_wconf 85' lang='lat' dir='ltr'><strong>fuit</strong></span> <span class='ocrx_word' id='word_1_62' title='bbox 1540 1364 1867 1449; x_wconf 87' lang='lat' dir='ltr'><strong>leonibus,</strong></span> 
     </span>
     <span class='ocr_line' id='line_1_14' title="bbox 561 1451 1622 1543; baseline -0.01 -18"><span class='ocrx_word' id='word_1_63' title='bbox 561 1479 866 1543; x_wconf 85' lang='lat' dir='ltr'><strong>umquam</strong></span> <span class='ocrx_word' id='word_1_64' title='bbox 907 1456 1036 1522; x_wconf 87' lang='lat' dir='ltr'><strong>nisi</strong></span> <span class='ocrx_word' id='word_1_65' title='bbox 1076 1457 1149 1520; x_wconf 89' lang='lat' dir='ltr'><strong>in</strong></span> <span class='ocrx_word' id='word_1_66' title='bbox 1191 1454 1408 1537; x_wconf 84' lang='lat' dir='ltr'><strong>dispar</strong></span> <span class='ocrx_word' id='word_1_67' title='bbox 1449 1451 1622 1516; x_wconf 89' lang='lat' dir='ltr'><strong>feris.</strong></span> 
     </span>
     <span class='ocr_line' id='line_1_15' title="bbox 410 1535 1693 1622; baseline -0.009 -11"><span class='ocrx_word' id='word_1_68' title='bbox 410 1546 697 1611; x_wconf 82' lang='lat' dir='ltr'><strong>Furorne</strong></span> <span class='ocrx_word' id='word_1_69' title='bbox 741 1561 962 1608; x_wconf 83' lang='lat' dir='ltr'><strong>eaeeos</strong></span> <span class='ocrx_word' id='word_1_70' title='bbox 1007 1562 1093 1604; x_wconf 86' lang='lat' dir='ltr'><strong>an</strong></span> <span class='ocrx_word' id='word_1_71' title='bbox 1133 1538 1306 1622; x_wconf 87' lang='lat' dir='ltr'><strong>rapit</strong></span> <span class='ocrx_word' id='word_1_72' title='bbox 1345 1537 1442 1602; x_wconf 83' lang='lat' dir='ltr'><strong>vis</strong></span> <span class='ocrx_word' id='word_1_73' title='bbox 1486 1535 1693 1601; x_wconf 83' lang='lat' dir='ltr'><strong>aerior</strong></span> 
     </span>
     <span class='ocr_line' id='line_1_16' title="bbox 495 1620 1565 1712; baseline -0.009 -17"><span class='ocrx_word' id='word_1_74' title='bbox 495 1631 603 1694; x_wconf 90' lang='lat' dir='ltr'><strong>An</strong></span> <span class='ocrx_word' id='word_1_75' title='bbox 647 1627 878 1712; x_wconf 78' lang='lat' dir='ltr'><strong>culpa?</strong></span> <span class='ocrx_word' id='word_1_76' title='bbox 942 1625 1349 1709; x_wconf 86' lang='lat' dir='ltr'><strong>Responsum</strong></span> <span class='ocrx_word' id='word_1_77' title='bbox 1394 1620 1565 1686; x_wconf 76' lang='lat' dir='ltr'><strong>date!</strong></span> 
     </span>
     <span class='ocr_line' id='line_1_17' title="bbox 409 1705 2173 1797; baseline -0.009 -17"><span class='ocrx_word' id='word_1_78' title='bbox 409 1714 682 1797; x_wconf 84' lang='lat' dir='ltr'><strong>Tacent,</strong></span> <span class='ocrx_word' id='word_1_79' title='bbox 729 1715 794 1777; x_wconf 87' lang='lat' dir='ltr'><strong>et</strong></span> <span class='ocrx_word' id='word_1_80' title='bbox 835 1711 1019 1776; x_wconf 82' lang='lat' dir='ltr'><strong>albus</strong></span> <span class='ocrx_word' id='word_1_81' title='bbox 1062 1730 1177 1773; x_wconf 83' lang='lat' dir='ltr'><strong>ora</strong></span> <span class='ocrx_word' id='word_1_82' title='bbox 1216 1707 1426 1792; x_wconf 81' lang='lat' dir='ltr'><strong>pallor</strong></span> <span class='ocrx_word' id='word_1_83' title='bbox 1467 1705 1695 1786; x_wconf 82' lang='lat' dir='ltr'><strong>inficit,</strong></span> <span class='ocrx_word' id='word_1_84' title='bbox 2109 1714 2173 1765; x_wconf 85' lang='lat'><strong>15</strong></span> 
     </span>
     <span class='ocr_line' id='line_1_18' title="bbox 493 1793 1559 1879; baseline -0.009 -17"><span class='ocrx_word' id='word_1_85' title='bbox 493 1798 869 1879; x_wconf 87' lang='lat' dir='ltr'><strong>Mentesque</strong></span> <span class='ocrx_word' id='word_1_86' title='bbox 909 1794 1239 1878; x_wconf 82' lang='lat' dir='ltr'><strong>perculsae</strong></span> <span class='ocrx_word' id='word_1_87' title='bbox 1283 1793 1559 1872; x_wconf 88' lang='lat' dir='ltr'><strong>stupent.</strong></span> 
     </span>
     <span class='ocr_line' id='line_1_19' title="bbox 412 1873 1756 1955; baseline -0.009 -9"><span class='ocrx_word' id='word_1_88' title='bbox 412 1882 519 1947; x_wconf 79' lang='lat' dir='ltr'><strong>Sic</strong></span> <span class='ocrx_word' id='word_1_89' title='bbox 563 1884 691 1944; x_wconf 86' lang='lat' dir='ltr'><strong>est:</strong></span> <span class='ocrx_word' id='word_1_90' title='bbox 737 1878 966 1943; x_wconf 81' lang='lat' dir='ltr'><strong>acerba</strong></span> <span class='ocrx_word' id='word_1_91' title='bbox 1006 1877 1144 1939; x_wconf 86' lang='lat' dir='ltr'><strong>fata</strong></span> <span class='ocrx_word' id='word_1_92' title='bbox 1183 1874 1511 1938; x_wconf 83' lang='lat' dir='ltr'><strong>Romanos</strong></span> <span class='ocrx_word' id='word_1_93' title='bbox 1555 1873 1756 1955; x_wconf 80' lang='lat' dir='ltr'><strong>agunt</strong></span> 
     </span>
     <span class='ocr_line' id='line_1_20' title="bbox 498 1955 1462 2045; baseline -0.011 -16"><span class='ocrx_word' id='word_1_94' title='bbox 498 1962 844 2045; x_wconf 82' lang='lat' dir='ltr'><strong>Scelusque</strong></span> <span class='ocrx_word' id='word_1_95' title='bbox 885 1961 1206 2024; x_wconf 71' lang='lat' dir='ltr'><strong>fraternae</strong></span> <span class='ocrx_word' id='word_1_96' title='bbox 1255 1955 1462 2037; x_wconf 83' lang='lat' dir='ltr'><strong>necis,</strong></span> 
     </span>
     <span class='ocr_line' id='line_1_21' title="bbox 411 2037 1759 2113; baseline -0.009 0"><span class='ocrx_word' id='word_1_97' title='bbox 411 2047 504 2113; x_wconf 90' lang='lat' dir='ltr'><strong>Vt</strong></span> <span class='ocrx_word' id='word_1_98' title='bbox 544 2045 917 2110; x_wconf 88' lang='lat' dir='ltr'><strong>inmerentis</strong></span> <span class='ocrx_word' id='word_1_99' title='bbox 958 2043 1144 2108; x_wconf 83' lang='lat' dir='ltr'><strong>fluxit</strong></span> <span class='ocrx_word' id='word_1_100' title='bbox 1184 2041 1254 2106; x_wconf 91' lang='lat' dir='ltr'><strong>in</strong></span> <span class='ocrx_word' id='word_1_101' title='bbox 1294 2043 1531 2105; x_wconf 79' lang='lat' dir='ltr'><strong>terram</strong></span> <span class='ocrx_word' id='word_1_102' title='bbox 1572 2037 1759 2102; x_wconf 87' lang='lat' dir='ltr'><strong>Remi</strong></span> 
     </span>
     <span class='ocr_line' id='line_1_22' title="bbox 499 2128 2179 2214; baseline -0.008 -17"><span class='ocrx_word' id='word_1_103' title='bbox 499 2130 691 2197; x_wconf 80' lang='lat' dir='ltr'><strong>Sacer</strong></span> <span class='ocrx_word' id='word_1_104' title='bbox 730 2128 1073 2214; x_wconf 70' lang='lat' dir='ltr'><strong>nepotibus</strong></span> <span class='ocrx_word' id='word_1_105' title='bbox 1118 2146 1321 2191; x_wconf 85' lang='lat' dir='ltr'><strong>eruor.</strong></span> <span class='ocrx_word' id='word_1_106' title='bbox 2108 2134 2179 2184; x_wconf 78' lang='lat'><strong>20</strong></span> 
     </span>
    </p>
   </div>
   <div class='ocr_carea' id='block_1_6' title="bbox 1057 2300 1359 2309">
    <p class='ocr_par' dir='ltr' id='par_1_8' title="bbox 1057 2300 1359 2309">
     <span class='ocr_line' id='line_1_23' title="bbox 1057 2300 1359 2309; baseline 0 1641"><span class='ocrx_word' id='word_1_107' title='bbox 1057 2300 1359 2309; x_wconf 95' lang='lat' dir='ltr'><strong> </strong></span> 
     </span>
    </p>
   </div>
   <div class='ocr_carea' id='block_1_7' title="bbox 1103 2416 1298 2490">
    <p class='ocr_par' dir='ltr' id='par_1_9' title="bbox 1103 2416 1298 2490">
     <span class='ocr_line' id='line_1_24' title="bbox 1103 2416 1298 2490; baseline 0.01 -2"><span class='ocrx_word' id='word_1_108' title='bbox 1103 2416 1298 2490; x_wconf 89' lang='lat' dir='ltr'><strong>VIH.</strong></span> 
     </span>
    </p>
   </div>
   <div class='ocr_carea' id='block_1_8' title="bbox 410 2545 2180 3563">
    <p class='ocr_par' dir='ltr' id='par_1_10' title="bbox 410 2545 2180 3563">
     <span class='ocr_line' id='line_1_25' title="bbox 411 2545 1672 2651; baseline -0.009 -31"><span class='ocrx_word' id='word_1_109' title='bbox 411 2554 510 2619; x_wconf 82' lang='lat' dir='ltr'><strong>Ro</strong></span> <span class='ocrx_word' id='word_1_110' title='bbox 560 2574 665 2651; x_wconf 61' lang='lat' dir='ltr'><strong>ure</strong></span> <span class='ocrx_word' id='word_1_111' title='bbox 705 2553 904 2648; x_wconf 76' lang='lat' dir='ltr'><strong>longo</strong></span> <span class='ocrx_word' id='word_1_112' title='bbox 948 2548 1236 2633; x_wconf 84' lang='lat' dir='ltr'><strong>putidam</strong></span> <span class='ocrx_word' id='word_1_113' title='bbox 1279 2549 1344 2611; x_wconf 91' lang='lat' dir='ltr'><strong>te</strong></span> <span class='ocrx_word' id='word_1_114' title='bbox 1388 2545 1672 2629; x_wconf 80' lang='lat' dir='ltr'><strong>saecule,</strong></span> 
     </span>
     <span class='ocr_line' id='line_1_26' title="bbox 412 2633 1801 2800; baseline -0.008 -12"><span class='ocrx_word' id='word_1_115' title='bbox 412 2658 707 2788; x_wconf 51' lang='lat' dir='ltr'><strong>cumffssssfi</strong></span> <span class='ocrx_word' id='word_1_116' title='bbox 727 2633 879 2783; x_wconf 51' lang='lat'><strong>21⁹3?</strong></span> <span class='ocrx_word' id='word_1_117' title='bbox 910 2635 1577 2800; x_wconf 53' lang='lat' dir='ltr'><strong>ffsssssffsssseffssffigis</strong></span> <span class='ocrx_word' id='word_1_118' title='bbox 1619 2696 1801 2778; x_wconf 63' lang='lat' dir='ltr'><strong>vem</strong></span> 
     </span>
     <span class='ocr_line' id='line_1_27' title="bbox 495 2802 1433 2883; baseline -0.009 -12"><span class='ocrx_word' id='word_1_119' title='bbox 495 2806 802 2871; x_wconf 84' lang='lat' dir='ltr'><strong>Frontem</strong></span> <span class='ocrx_word' id='word_1_120' title='bbox 846 2804 1139 2868; x_wconf 80' lang='lat' dir='ltr'><strong>senectus</strong></span> <span class='ocrx_word' id='word_1_121' title='bbox 1185 2802 1433 2883; x_wconf 84' lang='lat' dir='ltr'><strong>exaret,</strong></span> 
     </span>
     <span class='ocr_line' id='line_1_28' title="bbox 410 2884 2179 3035; baseline -0.008 -78"><span class='ocrx_word' id='word_1_122' title='bbox 410 2889 687 2974; x_wconf 89' lang='lat' dir='ltr'><strong>Hietque</strong></span> <span class='ocrx_word' id='word_1_123' title='bbox 727 2888 935 3035; x_wconf 56' lang='lat' dir='ltr'><strong>turpis</strong></span> <span class='ocrx_word' id='word_1_124' title='bbox 976 2888 1146 2951; x_wconf 88' lang='lat' dir='ltr'><strong>inter</strong></span> <span class='ocrx_word' id='word_1_125' title='bbox 1188 2884 1397 2948; x_wconf 84' lang='lat' dir='ltr'><strong>aridas</strong></span> <span class='ocrx_word' id='word_1_126' title='bbox 1439 2884 1623 2947; x_wconf 86' lang='lat' dir='ltr'><strong>nates</strong></span> <span class='ocrx_word' id='word_1_127' title='bbox 2142 2892 2179 2943; x_wconf 77' lang='lat'><strong>5</strong></span> 
     </span>
     <span class='ocr_line' id='line_1_29' title="bbox 493 2965 1470 3040; baseline -0.01 0"><span class='ocrx_word' id='word_1_128' title='bbox 493 2973 712 3040; x_wconf 86' lang='lat' dir='ltr'><strong>Podex</strong></span> <span class='ocrx_word' id='word_1_129' title='bbox 753 2994 830 3038; x_wconf 82' lang='lat' dir='ltr'><strong>ve</strong></span> <span class='ocrx_word' id='word_1_130' title='bbox 855 2975 927 3036; x_wconf 89' lang='lat' dir='ltr'><strong>ut</strong></span> <span class='ocrx_word' id='word_1_131' title='bbox 971 2969 1200 3036; x_wconf 82' lang='lat' dir='ltr'><strong>crudae</strong></span> <span class='ocrx_word' id='word_1_132' title='bbox 1243 2965 1470 3032; x_wconf 79' lang='lat' dir='ltr'><strong>bovis?</strong></span> 
     </span>
     <span class='ocr_line' id='line_1_30' title="bbox 412 3053 1970 3139; baseline -0.007 -14"><span class='ocrx_word' id='word_1_133' title='bbox 412 3058 537 3125; x_wconf 86' lang='lat' dir='ltr'><strong>Sed</strong></span> <span class='ocrx_word' id='word_1_134' title='bbox 578 3058 805 3123; x_wconf 82' lang='lat' dir='ltr'><strong>incitat</strong></span> <span class='ocrx_word' id='word_1_135' title='bbox 845 3077 948 3120; x_wconf 90' lang='lat' dir='ltr'><strong>me</strong></span> <span class='ocrx_word' id='word_1_136' title='bbox 991 3058 1212 3139; x_wconf 82' lang='lat' dir='ltr'><strong>pectus</strong></span> <span class='ocrx_word' id='word_1_137' title='bbox 1256 3055 1323 3117; x_wconf 91' lang='lat' dir='ltr'><strong>et</strong></span> <span class='ocrx_word' id='word_1_138' title='bbox 1361 3072 1676 3117; x_wconf 83' lang='lat' dir='ltr'><strong>mammae</strong></span> <span class='ocrx_word' id='word_1_139' title='bbox 1718 3053 1970 3136; x_wconf 82' lang='lat' dir='ltr'><strong>putres,</strong></span> 
     </span>
     <span class='ocr_line' id='line_1_31' title="bbox 493 3139 1281 3227; baseline -0.009 -18"><span class='ocrx_word' id='word_1_140' title='bbox 493 3143 750 3227; x_wconf 83' lang='lat' dir='ltr'><strong>Equina</strong></span> <span class='ocrx_word' id='word_1_141' title='bbox 793 3141 1011 3225; x_wconf 88' lang='lat' dir='ltr'><strong>quales</strong></span> <span class='ocrx_word' id='word_1_142' title='bbox 1054 3139 1281 3221; x_wconf 84' lang='lat' dir='ltr'><strong>ubera,</strong></span> 
     </span>
     <span class='ocr_line' id='line_1_32' title="bbox 411 3220 1825 3311; baseline -0.004 -19"><span class='ocrx_word' id='word_1_143' title='bbox 411 3226 774 3311; x_wconf 89' lang='lat' dir='ltr'><strong>Venterque</strong></span> <span class='ocrx_word' id='word_1_144' title='bbox 817 3225 1031 3290; x_wconf 88' lang='lat' dir='ltr'><strong>mollis</strong></span> <span class='ocrx_word' id='word_1_145' title='bbox 1077 3225 1141 3288; x_wconf 89' lang='lat' dir='ltr'><strong>et</strong></span> <span class='ocrx_word' id='word_1_146' title='bbox 1182 3223 1390 3287; x_wconf 89' lang='lat' dir='ltr'><strong>femur</strong></span> <span class='ocrx_word' id='word_1_147' title='bbox 1430 3220 1825 3287; x_wconf 68' lang='lat' dir='ltr'><strong>tumentibus</strong></span> 
     </span>
     <span class='ocr_line' id='line_1_33' title="bbox 497 3307 2180 3375; baseline -0.007 1"><span class='ocrx_word' id='word_1_148' title='bbox 497 3310 681 3375; x_wconf 85' lang='lat' dir='ltr'><strong>Exile</strong></span> <span class='ocrx_word' id='word_1_149' title='bbox 725 3311 890 3375; x_wconf 86' lang='lat' dir='ltr'><strong>suris</strong></span> <span class='ocrx_word' id='word_1_150' title='bbox 935 3307 1263 3373; x_wconf 74' lang='lat' dir='ltr'><strong>additum?</strong></span> <span class='ocrx_word' id='word_1_151' title='bbox 2112 3316 2180 3364; x_wconf 87' lang='lat'><strong>10</strong></span> 
     </span>
     <span class='ocr_line' id='line_1_34' title="bbox 412 3385 1663 3478; baseline -0.002 -20"><span class='ocrx_word' id='word_1_152' title='bbox 412 3392 572 3458; x_wconf 85' lang='lat' dir='ltr'><strong>Esto</strong></span> <span class='ocrx_word' id='word_1_153' title='bbox 616 3394 834 3478; x_wconf 85' lang='lat' dir='ltr'><strong>beata,</strong></span> <span class='ocrx_word' id='word_1_154' title='bbox 877 3395 1070 3459; x_wconf 85' lang='lat' dir='ltr'><strong>funus</strong></span> <span class='ocrx_word' id='word_1_155' title='bbox 1115 3396 1304 3477; x_wconf 84' lang='lat' dir='ltr'><strong>atque</strong></span> <span class='ocrx_word' id='word_1_156' title='bbox 1347 3385 1663 3477; x_wconf 82' lang='lat' dir='ltr'><strong>imagines</strong></span> 
     </span>
     <span class='ocr_line' id='line_1_35' title="bbox 496 3478 1463 3563; baseline 0 -21"><span class='ocrx_word' id='word_1_157' title='bbox 496 3478 752 3544; x_wconf 84' lang='lat' dir='ltr'><strong>Ducant</strong></span> <span class='ocrx_word' id='word_1_158' title='bbox 793 3478 1207 3563; x_wconf 82' lang='lat' dir='ltr'><strong>triumphales</strong></span> <span class='ocrx_word' id='word_1_159' title='bbox 1249 3480 1433 3542; x_wconf 90' lang='lat' dir='ltr'><strong>tuum</strong></span> <span class='ocrx_word' id='word_1_160' title='bbox 1438 3527 1463 3562; x_wconf 80' lang='lat'><em>,</em></span> 
     </span>
    </p>
   </div>
   <div class='ocr_carea' id='block_1_9' title="bbox 346 3580 1865 3629">
    <p class='ocr_par' dir='ltr' id='par_1_11' title="bbox 346 3580 1865 3629">
     <span class='ocr_line' id='line_1_36' title="bbox 346 3580 1865 3629; baseline -0.007 -6"><span class='ocrx_word' id='word_1_161' title='bbox 346 3582 600 3625; x_wconf 72' lang='lat' dir='ltr'><strong>Hou‘nvs.</strong></span> <span class='ocrx_word' id='word_1_162' title='bbox 1040 3592 1063 3618; x_wconf 72' lang='lat' dir='ltr'><strong>s.</strong></span> <span class='ocrx_word' id='word_1_163' title='bbox 1830 3580 1865 3629; x_wconf 78' lang='lat' dir='ltr'>g</span> 
     </span>
    </p>
   </div>
  </div>
 </body>
</html>
