2514 3950
223 193 325 266 ni]
981 189 1195 245 Lmen
1236 190 1309 248 11.
2008 183 2122 250 167

221 354 328 420 Hic
368 353 556 418 simul
599 351 845 437 accepit
885 351 1231 437 patrimoni
1273 352 1447 417 mille
1488 353 1764 438 talenta,

219 437 441 521 Edicit,
529 437 553 501 i
589 440 763 501 cator
804 438 930 520 uti,
974 437 1327 535 pomarius,
1373 459 1605 522 auceps
1617 487 1635 521 ,

218 460 674 607 vnguean
718 542 792 585 ac
836 520 1028 586 Tusci
1070 522 1259 586 turba
1299 522 1480 606 inpia
1520 522 1677 606 vici,

218 605 362 672 Cum
387 606 619 671 scurris
661 605 892 689 fartor,
938 626 1082 671 cum
1110 604 1389 671 Velabro
1431 626 1619 672 omne
1661 605 2001 671 macellum

214 691 387 756 Mane
416 690 673 755 domum
701 691 980 755 veniant.
1034 689 1158 767 Qui
1180 711 1326 755 cum
1351 712 1582 756 venere
1609 690 1993 774 frequentes,
2024 703 2124 752 230

213 774 409 839 Verba
431 774 586 839 facit
607 775 782 840 leno:
816 774 1004 849 ‘Quid
1048 774 1158 839 uid
1179 774 1357 859 mihi,
1382 774 1686 860 quidquid
1709 777 1774 840 εὴ
1793 773 2022 839 horum

213 858 439 943 Cuique
484 859 747 942 domist,
791 858 857 922 id
906 880 1010 924 cre
1055 881 1089 924 e
1131 863 1313 924 tuum
1358 862 1424 924 εὴ
1463 860 1566 1007 vlel
1605 881 1778 925 nunc
1819 861 1965 943 pete

1412 965 1490 1008 ve
1559 952 1742 1009 cras.’

207 1029 434 1110 Accipe
479 1027 631 1110 quid
676 1029 899 1091 contra
939 1027 1183 1092 iuvenis
1227 1026 1631 1111 responderit
1671 1048 1926 1111 aequus.

208 1110 305 1174 ‘In
343 1110 489 1174 nive
531 1109 790 1175 Lucana
834 1109 1072 1174 dormis
1117 1113 1438 1195 ocreatus,
1483 1113 1556 1174 ut
1596 1131 1823 1194 aprum

208 1193 438 1261 Cenem
482 1215 631 1279 eg03
675 1196 748 1257 tu
788 1194 996 1277 pisces
1038 1193 1308 1259 hiberno
1338 1216 1416 1260 ex
1455 1214 1728 1277 aequore
1770 1195 1987 1260 verris.
2024 1208 2124 1256 235

207 1277 426 1363 Segnis
447 1298 567 1426 ego
581 1327 600 1361 ,
628 1278 931 1363 indignus
961 1278 1072 1362 qui
1096 1280 1352 1343 tantum
1378 1278 1769 1363 possideam:
1800 1277 1996 1347 aufer.

205 1361 389 1427 Sume
430 1362 482 1426 ti
526 1363 550 1426 i
584 1362 810 1427 decieS.
885 1361 1031 1426 Tibi
1071 1362 1469 1428 tantundem.
1544 1362 1691 1426 Tibi
1734 1362 1998 1446 triplex,

206 1446 383 1511 Vnde
424 1467 583 1510 uxor
625 1446 833 1510 media
875 1446 1074 1511 currit
1116 1447 1194 1512 de
1235 1450 1426 1512 nocte
1469 1449 1738 1511 vocata?

201 1530 396 1595 Filius
437 1530 609 1595 Aeso
655 1530 679 1594 i
723 1530 1074 1596 detractam
1117 1552 1195 1596 ex
1237 1552 1387 1596 aure
1430 1529 1756 1613 Metellae,

200 1614 454 1680 Scilicet
493 1618 568 1679 ut
652 1615 816 1680 ecies
861 1614 1134 1680 solidum
1177 1614 1576 1699 absorberet,
1620 1617 1800 1680 aceto
2023 1626 2124 1678 240

197 1698 402 1764 Diluit
443 1699 764 1784 insignem
806 1699 1062 1765 bacam:
1115 1698 1223 1782 qui
1269 1700 1513 1782 sanior,
1559 1720 1634 1765 ac
1678 1700 1734 1763 si

193 1782 362 1848 Illud
403 1783 573 1847 idem
615 1783 686 1847 in
713 1783 1005 1866 rapidum
1045 1783 1286 1847 flumen
1326 1785 1638 1848 iaceretve
1666 1784 1994 1849 cloacam?

195 1866 418 1942 Quinti
459 1866 800 1951 progenies
843 1867 1022 1948 Arri,
1066 1887 1185 1948 par
1225 1866 1443 1929 nobile
1485 1867 1784 1949 fratrum,

192 1949 499 2033 Nequitia
528 1951 593 2014 et
631 1949 853 2046 nugis,
897 1969 1237 2033 pravorum
1276 1951 1342 2014 εὴ
1370 1969 1585 2013 amore
1627 1949 2001 2035 gemellum,

190 2033 526 2098 Luscinias
570 2032 744 2098 solit1
785 2034 856 2097 in
903 2053 1056 2098 enso
1099 2033 1411 2117 prandere
1455 2037 1734 2099 coemtas
1744 2082 1764 2117 ,
2019 2047 2121 2097 245

192 2117 512 2193 Quorsum
540 2117 816 2182 abeant?
914 2118 1068 2182 anin
1097 2120 1271 2183 creta
1314 2139 1397 2182 an
1425 2118 1701 2182 carbone
1742 2115 1993 2182 notati?

186 2201 547 2267 Aedificare
590 2223 766 2267 casas
779 2254 796 2286 ,
842 2202 1140 2286 plostello
1184 2202 1530 2288 adiungere
1571 2224 1815 2286 mures,

184 2286 437 2352 Ludere
479 2308 596 2370 par
637 2287 849 2372 inpar,
897 2287 1177 2371 equitare
1220 2288 1291 2351 in
1333 2286 1640 2352 arundine
1682 2286 1881 2372 longa

184 2369 451 2455 Siquem
495 2371 767 2437 delectet
807 2371 1171 2437 barbatumz
1217 2372 1500 2436 amentia
1541 2373 1772 2436 verset.

182 2454 257 2519 Si
301 2455 608 2539 puerilius
649 2454 752 2519 his
790 2456 955 2520 ratio
1000 2476 1138 2521 esse
1182 2456 1431 2520 evincet
1471 2476 1713 2539 amare,
2018 2468 2120 2518 250

177 2537 329 2604 Nec
360 2540 698 2636 quicquam
727 2539 1008 2622 differre,
1037 2541 1335 2604 utrumne
1356 2539 1427 2603 in
1447 2538 1733 2624 pulvere,
1762 2539 1993 2605 trimus

178 2622 392 2697 Quale
434 2644 641 2707 prius,
686 2622 866 2687 ludas
910 2643 1100 2707 opus,
1144 2646 1228 2688 an
1271 2624 1621 2690 meretricis
1664 2644 1880 2688 amore

176 2706 517 2772 Sollicitus
561 2706 802 2790 plores:
848 2728 1112 2792 quaero,
1157 2708 1439 2772 faciasne
1484 2706 1654 2791 quod
1698 2707 1854 2771 olim

172 2791 475 2856 Mutatus
506 2790 859 2856 Polemon?
950 2813 1108 2856 onas
1149 2792 1432 2876 insignia
1472 2789 1713 2871 morbi,

168 2876 510 2941 Fasciolas
522 2924 541 2959 ,
588 2876 825 2940 cubita]
927 2877 1157 2958 ocalia,
1203 2879 1396 2958 potus
1439 2877 1513 2938 ut
1552 2873 1663 2937 ille
2018 2886 2119 2937 255

166 2959 438 3025 Dicitur
481 2981 557 3025 ex
603 2960 768 3024 collo
811 2924 1034 3023 f’urffim
1077 2958 1389 3041 carpsisse
1433 2977 1731 3039 coronas,
1973 2961 1976 2962 ’

164 3043 599 3128 Postquamst
639 3043 928 3127 inpransi
971 3045 1300 3125 correptus
1342 3061 1499 3106 voce
1540 3041 1879 3126 magistri?

164 3126 472 3213 Pol-rigis
515 3128 679 3192 irato
724 3146 924 3211 puero
969 3147 1114 3191 cum
1154 3147 1378 3209 poma,
1423 3128 1703 3210 recusat;

165 3210 406 3276 ‘Sume
419 3260 439 3295 ,
470 3211 751 3277 catelle’:
779 3214 1006 3296 negat3
1039 3210 1093 3274 si
1119 3230 1256 3274 non
1286 3208 1426 3294 des,
1457 3211 1653 3294 optet.
1721 3209 1995 3275 Amator

158 3294 503 3361 Exclusus
546 3297 654 3379 qui
698 3295 921 3378 distat,
967 3294 1104 3380 agit
1140 3293 1252 3360 ubi
1281 3315 1523 3377 secum,
1570 3295 1674 3358 eat
1703 3313 1788 3357 an
1828 3314 1989 3378 non,
2018 3306 2123 3358 260

159 3378 329 3455 Quo
374 3378 691 3444 rediturus
736 3382 872 3444 erat
913 3400 1048 3444 non
1090 3379 1458 3461 arcessitus,
1505 3380 1570 3442 εὴ
1610 3377 1829 3442 haeret

155 3461 422 3529 Invisis
466 3462 754 3527 foribus?
808 3463 897 3529 ‘N
900 3486 933 3529 e
976 3484 1177 3550 nunc,
1222 3483 1368 3528 cum
1410 3482 1513 3528 me
1557 3463 1745 3527 vocat
1787 3462 1987 3546 ultro,
