2514 3950
374 407 439 458 10

381 878 440 927 15

375 1349 443 1398 20

377 1870 444 1920 25

383 3280 450 3331 40

1128 145 1521 203 CARMINVM

539 311 631 376 Et
671 310 974 395 quidquid
1016 330 1286 393 usquam
1329 307 1685 391 concipitur
1730 306 1913 372 nefas

544 395 893 478 Tractavit‚
1137 393 1247 477 qui
1291 392 1516 457 statuit
1553 412 1698 457 meo

625 478 716 545 Te
758 479 942 543 triste
1016 480 1029 492 ⁰
1123 499 1263 561 um,
1306 479 1374 541 te
1417 476 1724 540 caducum

715 563 796 627 In
839 562 1083 627 domini
1125 563 1318 645 caput
1360 559 1754 625 inmerentis.

540 697 708 774 Quid
751 697 1017 794 quisque
1058 696 1247 780 vitet,
1293 716 1642 778 numquam
1684 693 1931 757 homini
1976 694 2135 759 satis

541 781 880 847 Cautumst
919 802 990 844 m
1030 780 1253 845 horas:
1307 780 1525 843 navita
1558 779 1964 865 Bosphorum

634 865 733 930 'rh
820 886 896 929 us
938 863 1368 949 perhorrescit
1406 884 1613 947 neque
1654 866 1824 926 ultra

775 970 925 1014 aeca
965 949 1228 1013 timetve
1273 947 1526 1013 aliunde
1568 947 1730 1030 fata,

542 1084 731 1149 Miles
774 1084 1045 1170 sagittas
1090 1087 1156 1148 et
1199 1083 1469 1148 celerem
1510 1082 1733 1166 fugam

541 1168 793 1252 Parthi,
837 1170 1092 1233 catenas
1133 1167 1411 1232 Parthus
1455 1169 1521 1230 et
1561 1165 1795 1230 Italum

626 1252 873 1338 Robur3
920 1253 1031 1317 sed
1073 1251 1400 1334 inprovisa
1441 1250 1555 1314 leti

722 1335 841 1400 Vis
882 1336 1096 1419 rapuit
1133 1335 1461 1418 rapietque
1504 1335 1750 1420 gentes·

545 1471 750 1546 Quam
791 1491 993 1567 paene
1035 1470 1254 1534 furvae
1296 1491 1497 1555 regna
1537 1467 1957 1552 Proserpinae

542 1553 633 1619 Et
673 1554 1059 1619 iudicantem
1102 1553 1375 1618 vidimus
1417 1553 1702 1617 Aeacum

628 1637 824 1705 Sedes
868 1660 948 1703 ue
993 1638 1296 1703 discretas
1338 1638 1590 1722 piorum
1633 1639 1699 1700 et

722 1659 967 1787 Aeduis
1009 1722 1239 1787 fidibus
1285 1724 1647 1806 querentem

546 1856 803 1942 Sappho
846 1857 1076 1941 puellis
1121 1858 1200 1922 de
1241 1856 1655 1941 popularibus

545 1940 634 2007 Et
673 1944 739 2007 te
782 1945 1116 2008 sonantem
1158 1942 1411 2026 plenius
1453 1960 1671 2024 aureo,

627 2027 863 2092 Alcaee
874 2076 894 2110 ,
984 2028 1183 2092 lectro
1228 2025 1387 2089 dura
1426 2025 1608 2089 navis

721 2109 900 2177 Dura
1012 2131 1132 2195 gae
1176 2109 1373 2192 mala,
1419 2108 1575 2173 dura
1614 2073 1787 2173 belli.

543 2245 900 2329 Vtrumque
945 2263 1123 2308 sacro
1170 2242 1232 2306 d·
1330 2264 1367 2305 a
1408 2243 1663 2307 silentio

550 2329 869 2394 Mirantur
909 2327 1170 2391 umbrae
1264 2327 1449 2412 ’cere3
1496 2327 1607 2391 sed
1649 2327 1854 2412 magis

628 2413 683 2477 P
819 2432 888 2475 as
932 2413 998 2475 et
1039 2412 1294 2475 exactos
1334 2414 1641 2495 tyrannos

787 2516 1010 2560 ensum
1051 2495 1286 2559 umeris
1328 2495 1493 2560 bibit
1534 2517 1684 2560 aure
1728 2495 1974 2579 volgus·

549 2630 717 2706 Quid
758 2630 1017 2711 mirum,
1060 2629 1172 2693 ubi
1211 2630 1342 2693 illis
1388 2629 1770 2694 carminibus
1814 2631 2077 2712 stupens

547 2713 848 2778 Demittit
889 2716 1060 2777 atras
1103 2713 1291 2777 belua
1335 2714 1653 2795 centiceps

637 2798 846 2863 Aures
856 2846 875 2880 ‚
921 2800 986 2861 et
1026 2797 1251 2861 intorti
1294 2797 1539 2882 capillis

677 2928 684 2933 -
725 2881 1151 2956 Eumenidum
1191 2883 1559 2946 recreantur
1600 2879 1884 2965 angues?

549 3016 721 3093 Quin
765 3018 829 3080 et
868 3014 1287 3081 Prometheus
1331 3016 1397 3079 et
1437 3013 1693 3097 Pelopis
1734 3034 1967 3099 parens

548 3099 742 3165 Dulci
781 3099 1072 3166 laborum
1116 3098 1431 3182 decipitur
1473 3119 1631 3162 sono
1647 3148 1666 3182 ‚

633 3184 773 3251 Nec
815 3187 993 3250 curat
1035 3184 1238 3249 Orion
1281 3183 1498 3247 leones

690 3327 704 3342 ,
721 3270 857 3334 Aut
897 3268 1158 3333 timidos
1202 3267 1445 3351 agitare
1489 3267 1727 3350 lyncas·

2138 146 2305 219 [XIII.
