2514 3950
243 169 336 240 v.]

230 1182 355 1331 “Ab
380 1262 387 1270 ·

1014 166 1230 220 LIBER
1273 165 1371 222 ΙΠ.

414 330 618 414 Atqui
661 329 903 394 sciebat
945 349 1106 413 quae
1149 327 1274 392 sibi
1315 327 1624 392 barbarus

416 414 649 480 Tortor
688 415 972 498 pararet3
1017 434 1153 477 non
1195 412 1382 476 aliter
1421 414 1640 476 tamen

500 498 787 563 Dimovit
829 497 1159 562 obstantes
1209 496 1603 581 propinquos

593 582 683 647 Et
721 583 1031 667 populum
1072 581 1313 645 reditus
1356 582 1745 663 morantem,

419 700 625 776 Quam
668 700 724 763 si
769 701 1072 764 clientum
1114 699 1313 783 longa
1354 698 1620 782 negotia

418 783 784 849 Diiudicata
825 785 939 848 lite
981 783 1397 867 relinqueret,

504 867 799 934 Tendens
839 866 1246 932 Venafranos
1289 867 1359 931 in
1404 887 1593 951 agros

597 953 733 1015 Aut
773 950 1347 1016 Lacedaemonium
1390 949 1759 1015 Tarentum.

1149 1205 1273 1279 VI.

424 1314 678 1404 Deh‘eta
718 1296 1409 1403 mdiorfflmefims
1452 1337 1589 1401 lues
1601 1385 1623 1421 ,

402 1418 711 1503 Romane
721 1473 740 1507 ,
785 1419 987 1488 donec
1027 1412 1272 1508 templa
1312 1404 1609 1486 refeceris

507 1504 719 1573 Aedes
764 1490 866 1572 uex
887 1496 1174 1573 labentes
1218 1489 1593 1571 dedrumflet

602 1592 694 1657 Fo
777 1613 816 1656 a
855 1583 1043 1678 nigro
1089 1591 1431 1656 simulacra
1470 1586 1666 1655 fumo.

426 1710 545 1775 Dis
586 1713 651 1774 te
693 1711 1010 1774 minorem
1053 1709 1225 1795 quod
1267 1710 1468 1794 geriS,
1513 1709 1819 1793 imperas:

428 1793 599 1858 Hinc
643 1816 832 1858 omne
873 1795 1292 1877 principium,
1336 1793 1462 1857 huc
1503 1793 1670 1857 refer
1714 1793 1981 1858 exitum:

513 1876 602 1941 Di
643 1878 848 1941 multa
887 1878 1168 1960 neglecti
1211 1876 1523 1942 dederunt

606 1959 956 2044 Hesperiae
999 1960 1171 2024 mala
1211 1960 1559 2024 luctuosae.

430 2077 570 2142 Iam
612 2078 713 2142 bis
755 2077 1092 2142 Monaeses
1137 2080 1202 2143 et
1241 2075 1472 2141 Pacori
1513 2097 1740 2140 manus

429 2161 583 2228 Non
627 2162 989 2247 auspicatos
1034 2161 1327 2227 contudit
1367 2162 1456 2226 im
1505 2164 1642 2226 etus

467 2317 470 2320 Α
512 2246 788 2313 Nostros
832 2249 898 2311 et
939 2246 1243 2312 adiecisse
1285 2268 1438 2332 prae
1483 2268 1589 2330 am

607 2330 967 2415 Torquibus
1011 2332 1260 2416 exiguis
1301 2331 1574 2395 renidet·

430 2448 641 2513 Paene
685 2451 1060 2532 occupatam
1104 2448 1522 2513 seditionibus

431 2532 687 2597 Delevit
726 2532 969 2597 Vrbem
1009 2532 1225 2597 Dacus
1270 2535 1336 2597 et
1373 2533 1719 2617 Aethiops,

515 2616 640 2681 Hic
686 2617 888 2681 classe
929 2616 1339 2701 formidat-m,
1384 2617 1494 2682 ille

609 2700 962 2765 Missilibus
1006 2702 1231 2766 melior
1276 2702 1551 2787 sagittis.

431 2818 731 2917 Fecunda
772 2820 996 2917 culpae
1040 2821 1295 2885 saecula
1334 2819 1595 2902 nuptias

430 2902 717 2967 Primum
758 2904 1171 2987 inquinavere
1215 2906 1280 2967 et
1321 2923 1525 2987 genus
1570 2905 1635 2966 et
1685 2902 1935 2967 domos:

510 2986 659 3051 Hoc
700 2987 881 3052 fonte
924 2987 1208 3052 derivata
1251 2986 1464 3051 clades

608 3069 688 3134 In
728 3071 1002 3156 patriam
1042 3071 1477 3156 populumque
1514 3071 1716 3137 fluxit.

432 3185 647 3252 Motus
693 3189 907 3254 doceri
947 3189 1186 3274 gaudet
1222 3189 1479 3254 Ionicos

433 3272 684 3336 Acerba
724 3275 907 3359 virgo
953 3276 1018 3338 et
1058 3274 1324 3361 fingitur
1367 3274 1610 3339 artibus

516 3355 656 3420 Iam
695 3379 867 3423 nunc
911 3359 978 3423 et
1017 3358 1296 3424 incestos
1341 3379 1590 3423 amores

607 3439 708 3505 De
748 3445 970 3508 tenero
1014 3443 1359 3509 meditatur
1400 3442 1622 3528 ungui.

2094 159 2181 224 59

2112 422 2182 472 50

2126 2172 2191 2221 10

2127 2628 2188 2676 15

2126 3082 2192 3130 20
