2514 3950
402 178 526 243 194
1102 181 1618 238 Ems'rvmnvu
1640 254 1649 263 .
2210 179 2328 256 [v1.

528 345 618 413 Et
705 367 862 412 enus
904 348 970 412 et
1010 346 1286 411 formam
1328 344 1555 430 regina
1596 342 1879 408 Pecunia
1921 343 2146 427 donat,

526 431 626 494 Ac
657 367 832 496 {ene
872 433 1275 496 nummatum
1318 429 1577 495 decorat
1619 426 1892 493 Suadela
1933 426 2298 510 Venusque.

525 513 867 599 Mancipiis
910 514 1195 599 locuples
1323 516 1388 578 et
1429 514 1592 578 aeris
1636 511 2090 595 Cappadocum
2129 532 2275 575 rex:

398 610 468 661 4ο
526 597 627 665 Ne
668 599 865 664 fueris
907 598 1014 663 hic
1055 601 1146 663 tu.
1226 535 1611 680 &filamydes
1638 596 1971 679 Lucullus,
2014 597 2090 659 ut
2131 595 2330 680 aiunt,

531 681 600 748 Si
642 685 862 782 posset
904 685 1162 747 centum
1204 702 1471 747 scaenae
1513 681 1814 764 praebere
1856 682 2149 765 rogatus,

530 767 680 843 ‘Qm
731 786 995 851 possum
1045 765 1214 830 tot‘P’
1273 766 1391 849 ait;
1448 767 1691 830 ‘tamen
1739 766 1806 829 et
1915 785 2201 848 uaeram,
2268 766 2334 830 et

1620 852 1776 932 quot
1816 847 1903 912 ha
1947 849 2065 913 ebo
2227 878 2232 881 2

527 933 784 999 Mittam
795 939 836 1018 ς’
873 936 1024 1032 post
1049 934 1241 1018 paulo
1274 933 1524 1017 scribit,
1569 933 1693 997 sibi
1719 932 1899 996 milia
1927 932 2204 1016 quinque

528 1017 691 1084 Esse
721 1018 895 1083 donn
926 1017 1358 1103 chlamydum,
1398 1021 1648 1102 partem
1675 1017 1779 1081 vel
1804 1017 2062 1081 tolleret
2087 1037 2334 1084 omne&

401 1118 468 1165 45
535 1102 742 1168 Exilis
787 1102 1012 1168 domus
1057 1107 1179 1186 est,
1223 1102 1337 1167 ubi
1377 1123 1512 1167 non
1554 1104 1619 1166 et
1660 1102 1864 1166 multa
1906 1104 2251 1184 supersunt

526 1186 618 1252 Et
659 1186 987 1253 dominum
1029 1186 1267 1252 fallunt
1307 1189 1372 1251 et
1412 1188 1686 1271 prosunt
1725 1184 1990 1249 furibus.
2065 1183 2247 1269 Ergo

532 1271 602 1336 Si
642 1293 744 1336 res
787 1272 926 1336 sola
965 1273 1181 1355 potest
1222 1272 1430 1335 facere
1475 1273 1540 1335 et
1581 1290 1829 1335 servare
1871 1269 2157 1352 beatum,

532 1354 676 1421 Hoc
717 1355 960 1440 primus
990 1357 1240 1440 repetas
1271 1376 1461 1440 opus,
1505 1354 1629 1418 hoc
1660 1356 2020 1438 postremus
2049 1353 2334 1420 omittas.

535 1438 604 1504 Si
646 1439 1045 1504 fortunatum
1089 1440 1332 1523 species
1377 1442 1443 1503 et
1482 1439 1693 1524 gratia
1731 1441 2044 1522 praestat,

403 1535 473 1586 50
533 1523 890 1589 Mercemur
933 1545 1213 1606 servum,
1259 1522 1369 1607 qui
1413 1522 1610 1588 dictet
1648 1522 1941 1606 nomina,
1986 1522 2240 1587 laevum

534 1606 659 1682 Qui
700 1606 938 1672 fodicet
978 1607 1144 1671 latus
1175 1609 1240 1671 et
1270 1609 1460 1690 cogat
1500 1610 1677 1672 trans
1718 1606 2004 1691 pondera
2042 1606 2342 1672 dextram

533 1690 719 1755 Porri
767 1712 870 1755 ere
914 1690 1043 1754 ‘hic
1070 1690 1345 1756 multum
1374 1691 1444 1755 in
1470 1690 1669 1756 Fabia
1698 1691 1897 1775 valet,
1927 1691 2037 1755 ille
2064 1689 2343 1777 Velina;

536 1772 659 1840 Oui
699 1775 748 1838 11
794 1777 859 1839 et
899 1774 1006 1840 hic
1047 1774 1253 1841 fasces
1298 1774 1504 1860 dabit,
1556 1775 1903 1860 eripietque
1946 1774 2163 1840 curule

537 1858 656 1926 cm·
685 1860 858 1925 volet
883 1859 1268 1945 inportunus
1304 1860 1502 1926 ebur.'
1564 1860 1835 1925 ‘Frater’
1879 1860 2109 1944 ‘pater’
2140 1858 2343 1946 adde3

404 1953 472 2008 55
537 1943 629 2010 Vt
671 1944 959 2030 cuiquest
1000 1947 1172 2011 aetas
1185 1995 1204 2030 ,
1249 1945 1342 2010 ita
1384 1966 1694 2030 quemque
1736 1943 1979 2010 facetus
2023 1942 2291 2029 adopta.

534 2029 606 2095 Si
645 2030 808 2095 bene
852 2030 963 2114 qui
1007 2033 1194 2096 cenat
1234 2031 1397 2095 bene
1440 2030 1625 2114 vivit,
1671 2030 1870 2113 lucet,
1917 2050 2131 2094 eamus

535 2114 674 2190 Quo
719 2113 894 2178 ducit
933 2115 1115 2200 gula3
1159 2114 1507 2199 piscemur,
1551 2135 1881 2197 venemur,
1926 2115 2001 2178 ut
2041 2113 2203 2178 olim

536 2197 888 2282 Gargilius,
934 2198 1045 2280 qui
1084 2219 1273 2262 mane
1315 2199 1569 2283 plagas,
1614 2198 1955 2281 venabula,
2001 2218 2259 2284 servos,

532 2280 874 2347 Differtum
915 2282 1188 2347 transire
1230 2281 1443 2346 forum
1484 2282 1916 2366 populumque
1958 2281 2256 2367 iubebat,

407 2380 475 2430 60
532 2365 715 2431 Vnus
758 2368 832 2431 ut
874 2387 908 2430 e
951 2366 1169 2431 multis
1210 2366 1450 2450 populo
1495 2368 1824 2450 spectante
1864 2365 2131 2431 referret

532 2449 841 2533 Emptum
869 2451 1080 2516 mulus
1110 2472 1147 2515 a
1190 2472 1351 2516 rum.
1418 2449 1613 2517 Crudi
1642 2449 1992 2534 tumidique
2026 2450 2359 2539 lavemur,

536 2533 702 2609 Quid
746 2532 994 2617 deceat,
1039 2536 1148 2619 qui
1233 2556 1368 2600 non
1411 2535 1623 2618 obliti,
1669 2534 1921 2601 Caerite
1964 2554 2111 2599 cera

529 2615 760 2716 Digni,
802 2619 1140 2703 remigium
1182 2619 1481 2684 vitiosum
1522 2618 1878 2684 Ithacensis
1921 2616 2130 2702 Vlixi,

534 2701 654 2769 Cui
743 2701 909 2767 otior
950 2703 1159 2787 patria
1201 2702 1327 2766 fuit
1366 2702 1707 2768 interdicta
1747 2703 2062 2786 voluptas.

405 2798 473 2849 65
537 2785 634 2870 Si,
750 2786 1096 2853 imnermus
1138 2787 1234 2852 uti
1278 2790 1522 2870 censet,
1569 2787 1706 2851 sine
1749 2806 1963 2851 amore
2006 2785 2324 2873 iocisque

531 2870 646 2937 Nil
689 2873 788 2936 est
828 2872 1203 2969 iucundum,
1247 2870 1425 2935 vivas
1468 2871 1538 2934 in
1580 2892 1794 2935 amore
1837 2870 2143 2953 iocisque.

531 2953 722 3035 Vive,
766 2955 925 3022 vale.
1014 2955 1237 3040 Siqmd
1279 2954 1514 3019 novisti
1555 2955 1789 3020 rectius
1833 2954 2004 3037 istis,

534 3037 853 3105 Candidus
896 3039 1158 3126 inperti3
1206 3040 1263 3104 si
1304 3060 1436 3103 non
1448 3088 1468 3123 ,
1511 3038 1613 3105 his
1656 3042 1833 3104 utere
1876 3057 2154 3105 mecum.
