2514 3950
383 334 451 384 ἕ

383 1908 450 1960 10

382 2379 446 2429 15

1150 157 1547 215 CARMINVM

645 322 884 387 Omnes
928 319 1150 386 eodem
1194 321 1513 418 cogimur,
1558 321 1845 386 omnium

638 404 945 471 Versatur
984 427 1145 470 urna
1186 427 1389 470 serius
1434 405 1610 469 ocius

731 488 883 556 Sors
927 491 1172 555 exitura
1215 492 1282 554 et
1320 510 1442 554 nos
1484 489 1556 553 in
1597 491 1926 554 aeternum

829 573 1146 639 Exsilium
1189 573 1546 657 inpositura
1587 573 1868 639 cumbae.

1256 913 1420 987 ΠΠ.

638 1042 740 1110 Ne
783 1044 869 1109 sit
909 1045 1176 1109 ancillae
1215 1044 1338 1108 tibi
1381 1065 1559 1108 amor
1599 1042 1858 1128 pudori,

639 1126 920 1192 Xanthia
960 1127 1234 1194 Phoceu.
1321 1126 1508 1191 Prius
1551 1128 1936 1193 insolentem

640 1209 834 1277 Serva
873 1211 1112 1277 Briseis
1154 1213 1341 1276 niveo
1387 1211 1599 1275 colore

730 1295 938 1362 Movit
977 1295 1329 1380 Achillem;

638 1429 845 1494 Movit
885 1430 1150 1494 Aiacem
1192 1428 1536 1494 Telamone
1576 1432 1799 1495 natum

635 1512 869 1577 Forma
911 1513 1195 1610 captivae
1238 1514 1568 1578 dominum
1609 1514 2013 1579 Tecmessae:

636 1598 818 1660 Arsit
858 1597 1118 1662 Atrides
1160 1598 1371 1662 medio
1414 1598 1485 1662 in
1526 1597 1849 1681 triumpho

729 1679 998 1766 Virgine
1039 1685 1256 1767 rapta,

636 1814 951 1881 Barbarae
993 1821 1334 1902 postquam
1379 1817 1659 1881 cecidere
1701 1820 1946 1881 turmae

639 1898 943 1965 Thessalo
985 1902 1224 1966 victore
1271 1903 1336 1967 et
1378 1901 1708 1985 ademptus
1751 1900 1995 1965 Hector

636 1982 923 2050 Tradidit
964 1986 1151 2052 fessis
1195 1987 1436 2051 leviora
1476 1986 1622 2049 tolli

727 2068 1041 2155 Pergama
1082 2070 1287 2134 Grais.

631 2202 698 2268 N
700 2204 898 2267 eseias
941 2225 1025 2267 an
1065 2206 1131 2268 te
1173 2225 1479 2290 generum
1522 2206 1691 2270 beati

632 2284 946 2369 Phyllidis
988 2287 1186 2353 flavae
1231 2288 1539 2353 decorent
1578 2292 1907 2374 parentes:

636 2368 728 2433 Re
781 2370 908 2433 'um
951 2375 1118 2436 certe
1160 2394 1365 2458 genus
1407 2375 1475 2438 et
1513 2376 1776 2457 penates

799 2458 973 2518 aeret
1013 2456 1288 2539 iniquos.

635 2584 837 2652 Crede
879 2610 1013 2653 non
1054 2590 1232 2655 illam
1275 2591 1395 2655 tibi
1440 2591 1518 2655 de
1563 2591 1831 2655 scelesta
1908 2579 1910 2582 ¹

630 2668 825 2735 Plebe
869 2672 1162 2739 dilectam
1203 2695 1411 2757 neque
1455 2675 1548 2738 sic
1587 2674 1871 2771 fidelem,

633 2752 739 2818 Sic
782 2756 957 2821 lucro
1002 2780 1289 2824 aversam
1331 2758 1616 2842 potuisse
1658 2779 1837 2822 nasci

723 2837 929 2905 Matre
970 2842 1283 2926 pudenda.

630 2970 936 3038 Bracchia
955 2978 1030 3060 ‘et
1051 2978 1299 3042 voltum
1338 2978 1694 3059 teretesque
1738 2993 1916 3039 suras

629 3054 888 3143 Integer
927 3058 1146 3147 laud03
1191 3060 1345 3145 fuge
1389 3060 1693 3143 suspicari
1706 3107 1725 3142 ,

522 3159 525 3161 ’
631 3138 825 3206 Cuius
869 3146 1165 3209 octavum
1205 3144 1549 3229 trepidavit
1590 3145 1765 3207 aetas

723 3223 1033 3293 Claudere
1074 3228 1366 3293 lustrum.

1188 3397 1493 3408 ffl—
