2514 3950
308 173 401 246 11.]
1148 174 1396 233 mssa.
2115 163 2234 228 107

393 335 755 419 Fontesque
797 335 929 419 lym
973 333 1076 399 his
1122 334 1501 419 obstrepunt
1540 333 1947 400 manantibus
1961 381 1980 418 ,

477 418 751 485 Somnos
795 440 920 503 quo
1007 419 1236 484 invitet
1278 419 1469 484 leves.

390 505 484 569 At
526 525 670 569 cum
711 503 996 568 tonantis
1040 524 1244 568 annus
1286 502 1591 568 bibemus
1630 501 1802 567 Iovis

474 587 721 654 Imbres
763 588 1067 672 nivesque
1111 591 1447 673 conparat,
2167 598 2235 646 30

389 673 526 737 Aut
565 672 768 738 trudit
809 693 986 738 acres
1027 671 1180 737 hinc
1218 675 1289 737 et
1328 673 1479 737 hinc
1522 672 1725 736 multa
1767 690 1924 735 cane

475 758 688 842 Apros
731 757 801 821 in
844 758 1175 822 obstantes
1221 757 1483 842 plagas,

389 841 526 906 Aut
565 842 758 906 amite
801 841 927 906 levi
967 862 1114 904 rara
1154 841 1365 905 tendit
1404 841 1593 925 retia,

475 925 706 989 Turdis
751 924 1049 988 edacibus
1094 924 1303 1007 dolos,

392 1007 827 1090 Pavidumque
868 1008 1153 1089 leporem
1188 1010 1253 1071 et
1282 1008 1594 1072 advenam
1631 1008 1858 1092 laqueo
1899 1028 2123 1094 gruem
2165 1019 2231 1069 35

477 1090 765 1156 Iucunda
809 1111 883 1154 ca
925 1091 1023 1153 tat
1061 1090 1366 1173 praemia.
1402 1111 1406 1116 ·

396 1174 551 1250 Quis
593 1193 730 1238 non
770 1195 877 1239 ma
902 1195 1081 1237 arum
1088 1222 1109 1271 2
1156 1194 1313 1270 quas
1357 1194 1536 1238 amor
1579 1194 1760 1238 curas
1801 1174 2020 1258 habet,

476 1258 656 1323 Haec
697 1258 868 1323 inter
910 1256 1347 1322 obliuscitur?

394 1342 635 1419 Quodsi
676 1342 909 1427 pudica
949 1342 1179 1406 mulier
1218 1343 1290 1406 in
1377 1344 1579 1407 artem
1620 1341 1794 1407 iuvet

474 1427 755 1492 Domum
799 1430 988 1511 atque
1033 1426 1246 1491 dulces
1290 1426 1338 1491 li
1384 1447 1557 1512 eros,
2166 1440 2234 1489 40

392 1510 632 1578 Sabina
673 1511 878 1596 qualis
923 1514 1034 1576 aut
1073 1513 1333 1596 perusta
1376 1511 1615 1576 solibus

473 1595 758 1661 Pernicis
801 1600 963 1661 uror
1003 1596 1231 1681 Apuli,

390 1679 654 1747 Sacrum
696 1680 962 1746 vetustis
1007 1683 1291 1745 exstruat
1331 1681 1527 1767 lignis
1568 1681 1784 1746 focum

472 1765 658 1830 Lassi
698 1765 818 1830 sub
861 1764 1202 1829 adventum
1244 1765 1395 1849 viri,

389 1847 833 1931 Olaudensque
872 1848 1063 1910 textis
1109 1848 1386 1911 cratibus
1428 1849 1669 1912 laetum
1718 1869 1909 1932 pecus
2164 1862 2230 1910 45

474 1931 774 1996 Distenta
816 1930 1014 1995 siccet
1052 1930 1279 2013 ubera,

389 2014 479 2080 Et
499 2015 725 2079 horna
767 2013 938 2078 dulci
979 2014 1130 2078 vina
1171 2034 1471 2098 promens
1515 2014 1685 2079 dolio

476 2098 692 2183 Dapes
733 2098 1053 2182 inemptas
1097 2098 1388 2182 adparet:

387 2182 543 2251 Non
583 2204 688 2247 me
729 2182 1004 2247 Lucrina
1045 2183 1324 2248 iuverint
1365 2182 1701 2267 conchylia

472 2267 763 2353 Magisve
803 2265 1109 2333 rhombus
1154 2270 1267 2334 aut
1307 2268 1500 2351 scari,
2164 2280 2231 2331 50

390 2351 460 2418 Si
503 2373 620 2417 uos
661 2351 819 2417 Eois
861 2352 1156 2417 intonata
1195 2351 1492 2417 fiuctibus

544 2436 696 2501 ‘ems
740 2436 822 2499 ad
862 2435 988 2500 hoc
1028 2438 1235 2500 vertat
1276 2456 1479 2521 mare;

387 2519 541 2588 Non
583 2520 747 2584 Afra
791 2520 925 2584 avis
969 2518 1314 2584 descendat
1353 2520 1425 2584 in
1467 2523 1752 2585 ventrem
1794 2534 2047 2607 meum,'

473 2604 627 2670 Non
669 2606 933 2689 attagen
973 2603 1230 2669 Ionicus

387 2687 760 2772 Iucundior,
806 2709 995 2772 quam
1036 2688 1204 2753 lecta
1246 2688 1324 2755 de
1367 2689 1805 2775 pinguissimis
2160 2702 2225 2753 55

475 2772 662 2839 Oliva
701 2772 897 2837 ramis
941 2772 1269 2857 arborum,

386 2858 524 2922 Aut
563 2856 762 2922 herba
803 2856 1050 2942 lapathi
1089 2860 1277 2942 prata
1319 2858 1593 2921 amantis
1637 2859 1703 2922 et
1741 2858 1924 2943 gravi

471 2941 722 3006 Malvae
765 2941 1048 3007 salubres
1094 2962 1168 3005 co
1249 2942 1375 3024 ori,

385 3025 510 3092 Vel
536 3046 723 3111 „agna
762 3026 943 3090 sestis
988 3045 1172 3089 caesa
1271 3024 1707 3112 erminalibus,

467 3108 593 3176 Vel
632 3108 873 3174 haedus
918 3111 1168 3193 ereptus
1212 3109 1384 3193 lupo,
2160 3123 2228 3173 60

385 3193 522 3259 Has
565 3194 733 3259 inter
775 3194 994 3278 epulas
1036 3195 1110 3257 ut
1151 3192 1326 3258 iuvat
1365 3196 1584 3278 pastas
1628 3216 1777 3261 oves

469 3277 702 3343 Videre
743 3279 1158 3363 properantes
1202 3276 1492 3363 domum,

384 3359 617 3427 Videre
659 3362 860 3427 fessos
903 3383 1224 3427 vomerem
1265 3364 1586 3429 inversum
1630 3363 1818 3430 boves

471 3442 654 3512 Collo
694 3444 1020 3528 trahentes
1063 3446 1400 3533 languid0‚
