2514 3950
391 159 520 226 210
1093 161 1607 218 EP1s'rVLARVM
2101 165 2336 237 [xan

515 326 680 409 Aut,
725 325 781 390 si
824 345 958 390 non
1001 324 1165 410 odit,
1210 325 1379 410 regit
1421 345 1494 389 ac
1535 323 1732 388 veluti
1776 324 1885 407 pia
1926 328 2132 389 mater

515 410 669 474 Plus
715 431 906 492 quam
949 431 1016 474 se
1060 429 1280 492 sapere
1325 410 1389 473 et
1428 407 1767 472 virtutibus
1811 429 1949 473 esse
1998 410 2285 492 priorem

513 493 673 560 Volt
714 496 780 558 et
821 494 911 558 ait
950 513 1151 577 prope
1192 514 1372 557 vera:
1416 495 1616 556 ‘meae
1661 492 2072 577 (contendere
2114 494 2287 582 noli)

517 577 868 644 Stultitiam
907 577 1238 661 patiuntur
1282 597 1464 660 opes;
1509 576 1630 640 tibi
1670 577 1934 659 parvola
1975 598 2076 641 res
2122 581 2255 643 est:

388 675 457 725 30
519 663 683 726 Arta
727 662 907 727 decet
956 682 1180 724 sanum
1224 660 1522 725 comitem
1566 662 1746 744 toga3
1808 660 2026 725 desine
2067 683 2328 727 mecum

518 745 822 812 Certare.’
894 744 1308 827 Eutrapelus,
1356 744 1727 827 cuicumque
1768 765 1999 809 nocere
2042 746 2326 831 volebat,

515 829 913 896 Vestimenta
956 827 1148 892 dabat
1189 828 1498 911 pretiosa:
1543 828 1765 892 beatus
1810 829 1981 892 enim
2022 829 2155 893 iam

517 912 680 978 Cum
722 912 1004 996 pulchris
1045 912 1283 976 tunicis
1314 914 1522 977 sumet
1552 934 1721 977 nova
1750 913 2016 976 consilia
2045 915 2111 977 et
2150 935 2326 999 spes,

516 995 809 1061 Dormiet
850 996 921 1061 in
962 996 1198 1080 lucem,
1244 999 1454 1061 scorto
1499 998 1849 1081 postponet
1889 996 2239 1062 honestum

389 1093 455 1143 35
525 1080 851 1165 Officium,
894 1101 1191 1145 nummos
1235 1080 1478 1145 alienos
1520 1082 1766 1164 pascet,
1813 1080 1894 1144 ad
1935 1081 2137 1145 imum

515 1165 729 1230 Thrax
772 1166 892 1230 erit
934 1168 1047 1230 aut
1090 1165 1339 1229 olitoris
1382 1166 1533 1249 aget
1572 1163 1862 1229 mercede
1907 1165 2253 1232 caballum.

435 1259 438 1262 ’
513 1250 839 1315 Arcanum
881 1270 1086 1333 neque
1127 1252 1201 1313 tu
1244 1248 1621 1314 scrutaberis
1665 1248 1836 1313 illius
1879 1270 2223 1334 umquam,

517 1333 1046 1418 Conmissumque
1088 1335 1269 1418 teges
1314 1335 1379 1397 et
1420 1333 1567 1398 vino
1612 1334 1819 1397 tortus
1864 1334 1930 1397 et
1968 1333 2082 1401 ira.

511 1418 651 1485 Nec
693 1422 807 1483 tua
847 1417 1137 1484 laudabis
1182 1418 1392 1482 studia
1434 1419 1544 1483 aut
1585 1416 1792 1481 aliena
1831 1418 2207 1502 reprendes,

386 1514 453 1565 40
515 1502 683 1587 Nec,
731 1525 874 1569 cum
916 1502 1133 1568 venari
1175 1502 1349 1567 volet
1391 1502 1529 1585 ille,
1571 1504 1869 1585 poemata
1907 1522 2174 1598 panges.

514 1586 734 1651 Gratia
771 1588 864 1653 sic
906 1587 1174 1651 fratrum
1217 1586 1648 1671 geminorum,
1692 1584 2075 1670 Amphionis
2121 1589 2327 1671 atque

512 1670 726 1753 Zethi,
773 1670 1080 1756 dissiluit,
1126 1671 1330 1736 donec
1374 1673 1668 1754 suspecta
1710 1692 1926 1737 severo

513 1753 838 1820 Conticuit
879 1757 1035 1839 lyra.
1123 1755 1446 1821 Fraternis
1491 1755 1754 1820 cessisse
1797 1757 2055 1839 putatur

510 1839 797 1904 Moribus
840 1839 1196 1925 Amphion:
1241 1843 1314 1904 tu
1357 1840 1508 1905 cede
1549 1839 1831 1922 potentis
1875 1839 2061 1903 amici

285 1925 310 1930 ”
383 1922 450 1986 515
512 1924 791 1991 Lenibus
835 1925 1149 2010 imperiis,
1194 1925 1611 2010 quotiensque
1657 1922 1879 1990 educet
1920 1924 1991 1988 in
2033 1945 2238 2009 agros

508 2010 754 2074 Aeoliis
800 2013 1060 2075 onerata
1102 2009 1311 2095 plagis
1354 2009 1639 2074 iumenta
1681 2029 1868 2073 canes
1912 2029 2020 2092 119,

511 2092 713 2178 Surge
757 2096 822 2158 et
862 2094 1246 2158 inhumanae
1290 2093 1534 2156 senium
1587 2092 1832 2177 depone
1930 2113 2235 2179 amenae,

511 2175 714 2241 Oenes
756 2180 829 2241 ut
868 2177 1106 2260 pariter
1146 2177 1476 2260 pulmenta
1518 2176 1839 2241 laboribus
1881 2178 2125 2260 empta:

507 2260 813 2324 Romanis
857 2261 1164 2325 sollemne
1207 2260 1362 2324 viris
1406 2281 1594 2345 opuS,
1646 2260 1802 2325 utile
1844 2260 2050 2325 famae

380 2355 448 2407 50
510 2343 820 2429 Vitaeque
864 2348 929 2410 et
968 2344 1272 2408 membris
1284 2393 1303 2427 ‚
1349 2344 1721 2428 praesertim
1756 2366 1901 2410 cum
1942 2344 2158 2409 valeas
2203 2349 2283 2412 et

506 2427 628 2493 Vel
672 2450 859 2494 cursu
902 2450 1197 2514 superare
1242 2449 1464 2494 canem
1506 2429 1607 2493 vel
1649 2428 1887 2493 viribus
1932 2450 2160 2511 aprum

505 2512 743 2577 Possis,
829 2513 1013 2577 Adde
1055 2513 1266 2577 virilia
1308 2513 1478 2597 quod
1521 2513 1865 2596 speciosius
1909 2533 2085 2576 arma

503 2595 569 2663 N
570 2618 657 2661 on
699 2599 798 2661 est
839 2598 948 2680 qui
990 2599 1251 2662 tractet:
1299 2597 1421 2662 scis
1433 2645 1452 2679 ‚
1497 2617 1621 2680 quo
1667 2598 1943 2662 clamore
1986 2616 2284 2665 coronae

500 2679 754 2747 Proelia
797 2680 1109 2746 sustineas
1155 2681 1561 2766 campestria3
1609 2681 1877 2764 denique
1922 2692 2219 2746 saevam‘

378 2776 444 2828 55
508 2763 806 2834 Militiam
845 2787 1003 2850 puer
1047 2768 1113 2829 et
1155 2764 1532 2831 Cantabrica
1574 2765 1742 2830 bella
1781 2765 1985 2830 tulisti

505 2847 634 2914 Sub
680 2850 836 2917 duce
848 2899 867 2934 ‚
914 2850 1023 2933 qui
1064 2849 1331 2934 templis
1365 2849 1747 2914 Parthorum
1791 2849 1976 2933 signa
2014 2849 2250 2935 refigit

502 2932 692 2998 Nunc
735 2937 827 3016 et,
871 2934 1080 3018 siquid
1124 2935 1334 3018 abest,
1380 2933 1560 2999 Italis
1605 2932 1921 2998 adiudicat
1962 2933 2180 2999 armis.

502 3017 602 3080 Ac
672 3038 754 3081 119
795 3020 860 3081 te
902 3018 1190 3083 retrahas
1235 3021 1301 3082 et
1342 3017 1788 3082 inexcusabilis
1833 3016 2033 3099 absis,

504 3100 804 3175 Quamvis
846 3101 942 3165 nil
987 3105 1164 3166 extra
1203 3124 1538 3167 numerum
1579 3101 1804 3166 fecisse
1845 3099 2253 3186 modumque

376 3196 443 3248 60
506 3183 733 3269 Curas,
779 3185 1095 3251 interdum
1136 3187 1399 3270 nugaris
1438 3207 1582 3252 rure
1625 3188 1921 3270 paterno:

501 3267 781 3333 Partitur
823 3270 1046 3335 lintres
1093 3271 1402 3334 exercitus
1413 3319 1432 3353 ‚
1475 3270 1925 3354 Actiapugna

502 3351 593 3415 Te
637 3351 792 3418 duce
825 3376 949 3451 per
989 3374 1219 3439 pueros
1264 3353 1484 3418 hostili
1524 3374 1700 3418 more
1742 3353 2044 3436 refertur,

500 3435 917 3503 Adversarius
962 3441 1060 3504 est
1100 3437 1327 3524 frater,
1371 3437 1547 3501 lacus
1590 3436 1857 3522 Hadria,
1904 3435 2111 3509 donee
