2514 3950
391 173 519 239 224
1107 173 1622 232 EPISTVLA-EVM
2236 173 2331 248 [n.

517 340 607 407 Et
661 337 828 403 laris
874 340 939 403 et
978 337 1161 403 fundi
1203 359 1331 422 pau
1377 339 1542 403 ertas
1585 336 1822 421 inpulit
1863 336 2100 420 audax,

518 424 610 489 Vt
636 444 854 488 versus
882 422 1174 487 facerem.
1241 360 1374 487 Sed
1397 421 1567 506 quod
1594 441 1729 485 non
1774 421 1939 485 desit
1978 420 2338 486 habentem

520 508 696 583 Quae
785 508 1042 572 oterunt
1081 527 1383 589 umquam
1411 506 1564 571 satis
1609 526 1961 591 expurgare
2007 506 2286 589 cicutae,

519 593 609 658 Ni
650 530 878 657 mglius
922 591 1197 655 dormire
1238 593 1460 674 putem
1503 610 1696 672 quam
1740 590 2015 655 scribere
2057 590 2336 654 versus?

394 689 460 740 55
519 676 788 762 Singula
830 675 908 740 de
948 675 1137 739 nobis
1181 674 1337 738 anni
1376 674 1760 757 praedantur
1802 677 2058 739 euntes:

519 760 829 844 Eripuere
872 760 1080 842 iocos,
1124 779 1451 841 venerem,
1497 758 1816 841 convivia,
1860 758 2110 842 ludum3

520 844 821 909 Tendunt
863 845 1234 926 extorquere
1277 844 1604 926 poemata:
1649 842 1802 926 quid
1844 842 2079 906 faciam
2124 842 2275 906 vis?

519 926 813 1010 Denique
855 948 990 991 non
1029 948 1251 992 omnes
1292 926 1514 992 eadem
1555 926 1870 991 mirantur
1910 928 2292 1010 amantque:

524 1011 824 1078 Carmine
866 1014 938 1076 tu
981 1011 1251 1096 gaudes,
1296 1009 1404 1076 hic
1448 1011 1799 1077 delectatur
1839 1010 2102 1093 iambis,

397 1110 466 1160 60
521 1096 640 1161 Ille
680 1095 942 1161 Bioneis
988 1095 1386 1160 sermonibus
1432 1098 1497 1161 et
1539 1095 1670 1159 sale
1711 1096 1920 1180 nigro.

521 1180 678 1244 Tres
721 1178 881 1244 mihi
925 1180 1229 1244 convivae
1272 1199 1471 1263 prope
1515 1179 1851 1244 dissentire
1892 1177 2227 1262 videntur,

522 1264 868 1329 Poscentes
912 1263 1088 1328 vario
1131 1263 1407 1327 multum
1453 1262 1702 1327 diversa
1742 1263 1977 1347 palato.

526 1347 692 1424 Quid
738 1346 925 1412 dem?
972 1346 1125 1430 quid
1151 1368 1286 1411 non
1315 1346 1504 1412 dem?
1548 1346 1764 1495 renliiisss
1807 1349 1908 1429 tu,
1953 1346 2124 1430 quod
2152 1346 2343 1412 iubet

1613 1451 1654 1494 a
1743 1452 1804 1494 r·

529 1515 714 1591 Quod
741 1516 927 1600 petiS,
970 1515 1038 1580 id
1080 1518 1296 1580 sanest
1332 1514 1611 1579 invisum
1642 1480 2014 1598 acidumque
2052 1514 2335 1581 duobus.

400 1613 466 1663 65
522 1599 785 1665 Praeter
829 1601 1039 1663 cetera
1079 1620 1182 1663 me
1224 1598 1550 1663 Romaene
1591 1603 1889 1683 poemata
1931 1619 2153 1663 censes

527 1681 814 1748 Scribere
856 1702 1046 1764 posse
1086 1682 1255 1747 inter
1298 1686 1398 1747 tot
1440 1703 1623 1748 curas
1664 1686 1886 1768 totque
1928 1683 2181 1748 labores
2194 1683 2233 1748 ⁴?

524 1765 651 1831 Hic
694 1786 1000 1850 sponsum
1041 1769 1253 1850 vocat,
1309 1766 1416 1832 hic
1471 1767 1754 1832 auditum
1809 1768 2045 1851 scripta
2087 1767 2345 1833 relicfis

528 1850 840 1916 Omnibus
884 1850 1143 1936 officiis;
1189 1852 1384 1916 cubat
1424 1850 1531 1917 hic
1574 1852 1644 1916 in
1688 1852 1850 1917 colle
1894 1851 2173 1935 Quirini,

524 1934 652 2001 Hic
696 1937 976 2001 extremo
1020 1935 1090 2001 in
1130 1936 1488 2016 Aventino,
1531 1936 1830 2003 visendus
1872 1938 2166 2021 uterque:

400 2033 467 2085 '10
522 2019 870 2086 Intervalla
909 2019 1088 2086 vides
1116 2021 1429 2085 *humane
1474 2021 1819 2084 commoda.
1896 2019 2161 2086 ‘Verum

525 2105 732 2169 Purae
775 2107 927 2169 sunt
966 2104 1215 2200 plateae
1229 2152 1248 2188 ,
1292 2104 1457 2169 nihil
1484 2106 1559 2168 ut
1583 2104 2040 2170 meditantibus
2069 2105 2345 2171 obstet.’

525 2188 816 2253 Festinat
859 2187 1099 2253 cahdus
1142 2188 1334 2252 mulis
1377 2188 1737 2274 gerulisque
1778 2188 2175 2273 redemptor,

526 2271 808 2355 Torquet
872 2291 1045 2338 nunc
1119 2271 1431 2356 lapidem,
1492 2293 1667 2337 nunc
1729 2273 1960 2358 ingens
2035 2273 2347 2338 machina

1617 2357 1670 2421 ti
1761 2379 1871 2421 um

527 2439 768 2504 Tristia
808 2440 1090 2505 robustis
1135 2440 1456 2506 luctantur
1499 2378 2065 2525 funerganplaustris
2077 2488 2116 2524 ‚-

401 2534 467 2586 ’15
522 2522 666 2587 Hac
706 2523 964 2588 rabiosa
1011 2524 1181 2608 fugit
1225 2524 1433 2608 canis,
1489 2524 1612 2590 hac
1655 2526 1969 2590 lutulenta
2019 2525 2151 2590 ruit
2196 2547 2351 2594 sus:

527 2606 563 2671 I
603 2627 777 2671 nunc
822 2608 887 2670 et
927 2629 1145 2671 versus
1188 2611 1401 2673 tecum
1443 2609 1749 2674 meditare
1793 2630 2080 2675 canoros.

529 2691 924 2776 Scriptorum
979 2690 1209 2755 chorus
1264 2692 1472 2757 omnis
1542 2696 1990 2842 mafflemus
2034 2695 2100 2757 et
2164 2693 2357 2781 fugit

1617 2799 1695 2841 ur

527 2859 677 2924 Rite
723 2860 920 2925 cliens
963 2858 1202 2924 Bacchi
1247 2880 1472 2924 somno
1516 2825 1852 2945 gaudenti’s
1898 2864 1963 2925 et
2003 2861 2276 2929 umbra:

527 2942 627 3008 Tu
668 2964 771 3007 me
813 2944 984 3009 inter
1027 2945 1328 3028 strepitus
1371 2946 1720 3011 nocturnos
1765 2948 1954 3043 atque
1998 2944 2279 3012 diurnos

402 3038 469 3091 80
524 3026 643 3091 Vis
687 3047 912 3091 canere
955 3030 1021 3091 et
1063 3030 1388 3093 contracta
1430 3031 1610 3113 sequi
1651 3031 1925 3114 vestigia
1964 3031 2243 3097 vatum?

528 3109 899 3195 Ingenium,
946 3110 1069 3175 sibi
1111 3112 1283 3195 quod
1323 3133 1551 3178 vacuas
1597 3113 1906 3179 desumsit
1946 3113 2253 3182 Athenas

471 3240 485 3252 .
528 3194 618 3258 Et
660 3194 884 3259 studiis
929 3215 1132 3260 annos
1177 3199 1423 3280 septem
1467 3197 1641 3263 dedit
1681 3199 2088 3283 insenuitque

528 3278 737 3342 Libris
782 3282 848 3343 et
890 3278 1084 3362 curis,
1139 3282 1350 3345 statua
1389 3282 1765 3348 taciturnius
1810 3283 1944 3348 exit

528 3361 907 3446 Plerumque
938 3366 1002 3428 et
1029 3363 1162 3428 risu
1202 3364 1512 3448 populum
1542 3368 1776 3450 quatit:
1817 3367 1924 3432 hic
1954 3389 1989 3432 e
2037 3389 2076 3432 ο
2120 3391 2369 3440 rerum

402 3459 469 3510 85
525 3446 853 3512 Fluctibus
897 3447 968 3512 in
1009 3447 1234 3513 mediis
1281 3452 1346 3514 et
1385 3451 1871 3535 tempestatibus
1914 3474 1992 3517 ur
2037 3453 2094 3518 is
