2514 3950
368 157 490 223 158
1110 157 1537 214 SA'rmARvn
2194 154 2297 232 [11'.

361 338 428 387 45
491 322 834 408 Pauperies
877 321 1083 406 epulis
1124 342 1380 407 regum:
1431 342 1583 384 nam
1625 320 1858 385 vilibus
1901 320 2039 385 ovis

489 408 554 473 N
556 407 900 555 iffin'squest
927 406 1085 471 oleis
1126 405 1319 471 hodie
1362 406 1557 470 loeus,
1630 403 1824 469 Haud
1868 405 1958 469 ita
2001 404 2254 489 pridem

488 492 757 640 111&ss
792 490 1129 650 Priiss‘i'ff
1167 493 1314 638 353?
1355 490 1720 637 2333?
1736 510 1987 638 ffi?
2016 594 2298 657 aequor„

1581 657 1884 721 alebant?

489 745 691 808 Tutus
734 746 872 808 erat
911 742 1215 806 rhombus
1261 743 1526 825 tutoque
1570 742 1817 806 ciconia
1857 741 2009 806 nido
2023 790 2041 825 ,
2178 759 2208 787 ·

360 842 430 892 so
489 828 714 893 Donec
755 848 871 891 vos
916 827 1139 891 auctor
1181 825 1400 890 docuit
1439 827 1814 909 praetorius,
1900 825 2077 910 Ergo

487 910 701 994 Siquis
743 931 914 975 nune
955 930 1210 995 mergos
1253 931 1479 974 suaves
1524 910 1792 974 edixerit
1833 929 2040 994 assos,

485 995 747 1060 Parebit
787 996 967 1079 pravi
1010 994 1234 1059 docilis
1277 992 1571 1059 Romana
1611 995 1924 1059 iuventus.

487 1078 793 1146 Sordidus
836 1101 875 1144 a
916 1080 1094 1144 tenui
1134 1079 1309 1144 victu
1352 1079 1643 1162 distabit,
1689 1078 1900 1143 Ofello

485 1164 731 1229 Iudice:
774 1186 928 1228 nam
969 1164 1207 1227 frustra
1247 1163 1474 1227 vitium
1516 1163 1810 1228 vitaveris
1852 1162 2043 1247 illud,

357 1262 423 1312 55
490 1248 559 1315 Si
602 1252 668 1314 te
712 1249 843 1313 alio
879 1269 1150 1332 pravum
1194 1246 1551 1311 detorseris.
1638 1246 2019 1330 Avidienus‚

485 1332 608 1399 Oui
651 1332 845 1398 Canis
890 1353 968 1396 ex
1010 1351 1158 1396 vero
1190 1333 1446 1396 ductum
1490 1351 1850 1417 cognomen
1892 1330 2229 1417 adhaeret,

486 1417 937 1501 Quinquennes
984 1417 1157 1481 oleas
1203 1419 1302 1480 est
1343 1418 1410 1480 et
1451 1415 1766 1479 silvestria
1809 1435 2032 1499 corna,

483 1501 582 1565 Ae
622 1502 752 1565 m’si
792 1503 1107 1565 mutatum
1149 1499 1355 1584 parcit
1397 1498 1741 1565 defundere
1781 1500 2028 1583 vinum,
2073 1502 2142 1563 et

483 1583 680 1650 Cuius
724 1584 984 1648 odorem
1026 1584 1154 1647 olei
1193 1604 1473 1665 nequeas
1515 1584 1825 1668 perferre,
1872 1583 2089 1648 licebit

354 1681 424 1731 60
484 1667 605 1732 me
646 1668 922 1751 repotia,
966 1667 1211 1731 natales
1255 1666 1494 1731 aliosve
1538 1667 1783 1732 dierum

480 1752 704 1816 Festos
749 1752 996 1816 albatus
1041 1751 1347 1834 celebret,
1393 1771 1591 1815 cornu
1633 1752 1771 1836 ipse
1813 1752 2031 1816 bilibri

482 1836 785 1902 Gaulibus
827 1836 1131 1919 instillat,
1173 1834 1408 1900 veteris
1450 1856 1585 1899 non
1627 1857 1856 1920 parcus
1901 1835 2081 1901 aceti.

481 1920 670 1997 Quali
712 1920 910 2019 igitur
951 1920 1124 1986 victu
1167 1941 1237 1986 sa
1284 1919 1423 1986 iens
1467 1922 1710 2003 utetur,
1757 1923 1821 1986 et
1862 1918 2092 1985 horum

479 2005 710 2072 Vtrum
748 2004 1147 2070 imitabitur?
1288 2025 1359 2069 ac
1401 2007 1633 2101 urguet
1673 2005 1859 2152 htpus
1870 2054 1889 2088 ‚
1936 2004 2057 2069 hae
2085 2007 2288 2091 canis,

1569 2110 1722 2152 amn
1754 2138 1768 2153 .

351 2186 418 2236 65
477 2173 755 2238 Mundus
801 2175 945 2255 erit,
991 2193 1116 2255 qua
1155 2193 1293 2237 non
1334 2173 1618 2238 offendat
1657 2173 1979 2256 sordibus,
2026 2175 2219 2258 atque

476 2256 558 2321 In
584 2259 874 2320 neutram
901 2258 1149 2339 partem
1173 2257 1380 2320 cultus
1413 2257 1623 2321 miser.
1682 2256 1808 2321 Hic
1828 2265 2036 2341 neque
2058 2259 2283 2342 servis,

477 2340 704 2404 Albuti
748 2340 918 2405 senis
958 2341 1247 2424 exemplo
1263 2388 1281 2424 ‚
1329 2340 1480 2405 dum
1521 2341 1742 2405 munia
1785 2340 1974 2424 didit,

479 2423 715 2489 Saevus
758 2424 911 2508 erit,
966 2445 1086 2489 nee
1129 2425 1229 2490 sie
1267 2427 1341 2489 ut
1382 2425 1653 2508 simplex
1694 2422 1974 2490 Naevius
2016 2427 2282 2490 unctam

479 2507 779 2598 Convivis
841 2509 1175 2591 praebebit
1226 2531 1489 2594 aquam:
1561 2509 1788 2573 vitium
1850 2509 1975 2574 hoe
2028 2530 2281 2594 quoque

1563 2616 1629 2657 m
1760 2615 1887 2658 um.

347 2688 416 2739 το
479 2676 720 2760 Aeeipe
748 2697 949 2760 nunc,
994 2676 1200 2741 vietus
1227 2679 1439 2743 tenuis
1480 2615 2032 2762 quaeafffiantaque
2060 2698 2279 2742 seeum

473 2760 761 2826 Adferat.
849 2760 929 2825 In
970 2761 1194 2845 primis
1236 2762 1450 2826 valeas
1492 2762 1683 2827 bene:
1726 2784 1881 2827 nam
1922 2761 2131 2826 variae
2170 2783 2280 2825 res

472 2843 563 2909 Vt
605 2849 882 2910 noceant
922 2845 1201 2930 homini,
1247 2845 1465 2909 eredas
1478 2893 1496 2924 ‚
1553 2867 1798 2911 memor
1849 2847 2021 2911 illius
2066 2867 2280 2930 escae,

473 2928 650 3004 Quae
694 2930 964 3013 simplex
1007 2930 1163 2994 olim
1204 2930 1325 2993 tibi
1367 2929 1628 3013 sederit,
1674 2934 1743 2995 at
1786 2932 1976 2995 simul
2017 2930 2179 2994 assis

471 3012 804 3077 Miscueris
850 3014 1042 3095 elixa,
1088 3014 1280 3077 simul
1323 3013 1658 3097 conchylia
1698 3015 1937 3099 turdis,

343 3108 410 3160 75
472 3095 705 3160 Dulcia
732 3117 800 3161 se
827 3097 898 3160 in
939 3097 1137 3161 bilem
1164 3100 1418 3162 vertent
1444 3099 1897 3197 stomachoque
1930 3099 2282 3164 tumultum

468 3180 675 3245 Lenta
715 3180 878 3245 feret
919 3181 1170 3264 pituita.
1260 3181 1487 3267 Vides,
1535 3187 1608 3249 ut
1647 3183 1924 3268 pallidus
1970 3183 2178 3248 omnis

470 3263 647 3330 Cena
689 3263 991 3362 desurgat
1033 3264 1268 3330 dubia?
1357 3266 1527 3342 Quin
1571 3289 1800 3353 eorpus
1845 3271 2146 3333 onustum

466 3348 803 3413 Hesternis
846 3350 1019 3415 vitiis
1064 3350 1349 3416 animum
1392 3373 1642 3436 quoque
1693 3355 2077 3437 praegravat
2114 3373 2283 3438 una,

469 3433 684 3516 Atque
727 3434 950 3519 adfigit
990 3434 1185 3502 humo
1228 3437 1480 3502 divinae
1522 3436 1900 3521 particulam
1944 3457 2153 3501 aurae.
