2514 3950
386 181 514 246 240
1105 186 1621 243 Emsrvmnvn
2207 184 2349 258 [m

388 363 489 413 430
515 349 619 415 Ex
663 349 865 413 oculis
908 369 1146 433 rorem,
1193 350 1407 432 saliet,
1450 349 1678 414 tundet
1719 349 1880 433 pede
1923 351 2184 413 terram.

515 433 607 498 Vt
649 434 760 518 qui
805 433 1102 498 conducti
1142 434 1404 519 plorant
1445 435 1516 499 in
1557 434 1811 517 funere,
1854 433 2075 497 dicunt

514 517 603 582 Et
643 518 891 583 faciunt
930 540 1048 603 pro
1095 540 1130 583 e
1172 519 1361 602 plura
1401 518 1764 583 dolentibus
1809 538 1888 581 ex
1930 517 2183 599 anime,
2237 516 2345 583 sic

514 601 780 667 Derisor
820 623 972 667 vero
1014 625 1058 686 p
1083 624 1157 667 us
1201 603 1532 668 laudatore
1573 604 1880 668 movetur.

513 686 725 773 Reges
769 687 1065 751 dicuntur
1105 688 1326 752 multis
1367 709 1638 773 urguere
1681 686 1932 751 culullis

265 759 270 762 ’
387 782 488 833 435
517 770 606 835 Et
647 775 944 855 torquere
987 792 1163 836 mero
1179 820 1196 855 ,
1243 793 1431 855 quem
1473 772 1873 869 perspegisse
1915 770 2260 854 laborant,

513 857 624 920 An
666 856 752 918 sit
794 856 1078 920 amicitia
1119 856 1382 941 dignus3
1428 856 1484 920 si
1527 876 1813 920 carmina
1857 854 2124 938 condes,

513 939 882 1022 Numquam
923 943 989 1004 te
1030 940 1262 1004 fallant
1304 940 1502 1005 animi
1546 939 1666 1004 sub
1707 940 1895 1023 volpe
1938 939 2243 1005 latentes,

516 1023 829 1098 Quintilio
873 1024 1084 1108 siquid
1125 1026 1455 1107 recitares,
1500 1025 1800 1109 ‘corrige,
1846 1023 2061 1105 sodes,

512 1107 680 1172 Hoc’
725 1108 938 1173 aiebat
981 1112 1072 1173 ‘et
1110 1108 1280 1173 hoc.²
1366 1109 1597 1173 Melius
1639 1111 1705 1173 te
1747 1128 1937 1192 posse
1977 1127 2301 1192 negatae,

385 1203 490 1254 440
515 1191 629 1256 Bis
672 1195 895 1276 terque
938 1196 1269 1276 expertum
1310 1194 1580 1258 frustrat
1627 1192 1835 1257 delere
1878 1192 2141 1256 iubebat

513 1275 602 1340 Et
642 1276 810 1340 male
852 1280 1144 1341 tornatos
1189 1278 1407 1343 incudi
1448 1276 1709 1342 reddere
1750 1297 1989 1341 versus.

515 1359 585 1426 Si
629 1360 968 1425 defendere
1012 1361 1315 1426 delictum
1359 1383 1546 1446 quam
1586 1364 1832 1426 vertere
1873 1360 2095 1425 malles
2104 1409 2126 1442 ‚

513 1444 778 1509 Nullum
855 1447 1025 1510 ultra
1098 1446 1363 1510 verbum
1436 1448 1548 1510 aut
1611 1466 1881 1543 ‘operam
1954 1445 2343 1511 insumebat

1604 1550 1860 1594 manem

515 1611 687 1686 Quin
729 1613 866 1676 sine
909 1613 1096 1677 rivali
1137 1617 1327 1697 teque
1371 1616 1437 1677 et
1476 1616 1592 1678 tua
1632 1614 1804 1678 solus
1849 1578 2112 1677 dmareS.

386 1707 487 1756 445
515 1694 635 1759 Vir
675 1695 881 1760 bonus
912 1699 978 1760 et
1017 1696 1298 1780 prudens
1338 1719 1556 1762 versus
1598 1697 2019 1781 reprehendet
2061 1697 2337 1782 inertes,

515 1778 818 1863 Culpabit
859 1780 1081 1864 duros,
1132 1781 1479 1866 incomptis
1521 1782 1762 1846 adlinet
1803 1785 2011 1846 atrum

515 1864 904 1930 Transverso
950 1866 1195 1931 calamo
1241 1866 1527 1951 signum,
1572 1866 1911 1930 ambitiosa
1950 1865 2199 1931 recidet

515 1948 907 2016 Ornamenta
979 1972 1206 2035 parum
1249 1951 1439 2016 claris
1483 1951 1690 2016 lucem
1734 1950 1886 2017 dare
1929 1953 2147 2048 coget,

513 2035 765 2119 Arguet
806 2000 976 2099 ambi
1068 2058 1102 2100 e
1144 2036 1415 2120 dictum,
1459 2035 1767 2100 mutanda
1807 2035 2090 2120 notabit,

387 2130 491 2179 450
518 2118 660 2182 Fiet
702 2120 990 2184 Aristarc
1035 2142 1140 2204 us;
1185 2142 1322 2185 non
1364 2121 1535 2185 dicet
1577 2129 1714 2184 ‘cur
1756 2141 1877 2205 ego
1921 2120 2203 2184 amicum

517 2201 854 2267 Offendam
895 2204 965 2266 in
1005 2205 1197 2289 nugis
1206 2204 1267 2269 ‘3’
1340 2205 1481 2269 Hae
1523 2226 1733 2290 nugae
1755 2204 1942 2269 'seria
1984 2204 2226 2269 ducent

513 2284 594 2350 In
636 2287 807 2350 mala
849 2286 1127 2351 derisum
1169 2289 1366 2353 semel
1410 2293 1866 2373 exceptumque
1910 2289 2188 2353 sinistre.

513 2368 605 2433 Vt
644 2373 817 2435 mala
857 2392 1047 2456 quem
1089 2372 1334 2438 scabies
1377 2376 1489 2437 aut
1526 2374 1787 2438 morbus
1828 2374 2042 2460 regius
2083 2376 2331 2460 urguet

514 2454 650 2519 Aut
690 2454 1006 2521 fanaticus
1050 2478 1225 2522 error
1269 2461 1334 2522 et
1376 2458 1680 2523 iracunda
1720 2457 1960 2543 Diana,

388 2549 489 2599 455
519 2537 845 2603 Vesanum
887 2541 1179 2625 tetigisse
1221 2543 1453 2608 timent
1493 2543 1873 2628 fugiuntque
1914 2545 2199 2627 poetam,

516 2622 641 2699 Qui
684 2623 965 2707 sapiunt·
1019 2626 1275 2709 agitant
1314 2629 1496 2711 pueri
1538 2628 1904 2710 incautique
1948 2629 2327 2710 sequuntur.

513 2705 641 2772 Hic
683 2708 835 2772 dum
879 2673 1166 2773 sublimis
1209 2731 1429 2774 versus
1471 2714 1757 2777 ructatur
1800 2716 1866 2776 et
1906 2714 2103 2795 errat,

516 2791 585 2856 Si
628 2791 824 2857 veluti
867 2793 1128 2857 merulis
1171 2794 1458 2858 intentus
1502 2795 1737 2860 decidit
1779 2818 2010 2881 auceps

514 2874 595 2940 In
636 2880 901 2960 puteum
942 2876 1299 2961 foveamve,
1345 2878 1495 2943 licet
1539 2882 1935 2945 ‘succurrite'
1980 2882 2043 2946 lo

389 2972 490 3021 460
520 2959 768 3024 Clamet
812 2962 899 3024 ‘io
943 2961 1112 3025 cives
1121 2969 1169 3045 ,⁹
1211 2983 1348 3026 non
1390 2963 1475 3027 sit
1518 2965 1628 3048 qui
1668 2965 1896 3030 tollere
1940 2968 2133 3031 curet·

517 3042 586 3108 Si
631 3047 809 3108 curet
852 3044 993 3127 quis
1039 3066 1226 3130 opem
1270 3046 1435 3111 ferre
1468 3050 1544 3112 ‘et
1585 3048 1918 3114 demittere
1961 3050 2182 3115 funem
2195 3100 2216 3135 ‚

516 3128 667 3203 ‘Qui
711 3127 864 3211 sciS,
909 3149 991 3192 an
1033 3130 1312 3213 prudens
1354 3130 1481 3196 huc
1525 3154 1594 3198 se
1634 3134 1975 3218 proiecerit
2014 3138 2210 3219 atque

517 3211 767 3278 Servari
809 3211 1042 3277 nolit?'
1090 3214 1295 3279 dicam
1340 3215 1660 3302 Siculique
1702 3222 1931 3303 poetae

513 3296 807 3362 Narrabo
848 3298 1194 3364 interitum.
1283 3299 1458 3366 Deus
1502 3302 1860 3368 inmortalis
1904 3303 2128 3369 haberi

391 3392 487 3442 465
515 3379 689 3444 Dum
717 3382 895 3465 cupit
914 3382 1357 3470 Empedocles,
1389 3385 1713 3451 ardentem
1742 3388 2015 3472 frigidus
2036 3391 2339 3459 Aetnam

514 3462 789 3530 Insiluit.
864 3465 963 3532 Sit
1003 3468 1102 3532 ius
1146 3469 1457 3554 liceatque
1498 3471 1705 3555 perire
1746 3473 1985 3557 poetis:
