2514 3950
223 182 344 254 mi]
993 180 1208 235 LIBER
1250 179 1320 237 11.
2004 174 2117 245 1711

221 343 350 408 Non
390 343 564 428 prius
609 344 829 408 exacta
867 342 1047 407 tenui
1088 341 1336 406 ratione
1381 362 1695 426 saporum.

221 427 338 492 Nec
380 429 534 492 satis
579 430 706 510 est,
751 448 896 492 cara
936 427 1143 511 pisces
1188 447 1474 491 averrere
1517 447 1739 490 mensa

219 509 534 597 Ignarum,
579 511 807 610 quibus
853 513 951 576 est
991 511 1090 576 ius
1134 511 1345 595 aptius
1389 513 1455 575 et
1496 511 1723 594 quibus
1766 511 1925 574 assis

216 595 565 682 Languidus
608 617 677 660 1n
721 596 1005 660 cubitum
1047 596 1175 660 iam
1220 616 1289 659 se
1334 595 1600 660 conviva
1639 598 1926 678 reponet.

215 679 440 745 Vmber
483 685 547 745 et
589 681 660 745 ili
755 702 795 744 a
835 681 1114 747 nutritus
1165 679 1402 765 glande
1444 678 1751 745 rotundas
2056 691 2122 739 40

217 763 437 830 Ourvat
479 787 631 849 aper
697 786 885 830 ances
930 786 1183 830 carnem
1224 765 1489 829 vitantis
1532 764 1832 829 inertem:

211 848 363 914 Nam
389 848 672 915 Laurens
700 851 906 915 malus
936 853 1062 934 est,
1090 849 1255 915 ulvis
1287 852 1352 913 et
1380 848 1689 914 arundine
1715 847 1995 934 pinguis.

210 932 402 998 Vinea
444 934 765 998 submittit
807 955 1063 1017 capreas
1105 954 1240 998 non
1292 954 1542 1016 semper
1585 932 1818 997 edules,

209 1016 528 1082 Fecundae
570 1018 806 1101 leporis
852 1017 1106 1100 sapiens
1150 1016 1496 1080 sectabitur
1538 1038 1769 1080 armos

209 1100 488 1164 Piscibus
532 1103 719 1183 atque
754 1100 974 1164 avibus
1020 1121 1179 1183 quae
1219 1103 1450 1164 natura
1477 1103 1544 1164 et
1582 1100 1750 1164 foret
1791 1103 1963 1166 aetas
1976 1149 1993 1182 ‚
2058 1113 2125 1162 45

207 1183 370 1248 Ante
411 1205 623 1248 meum
664 1184 830 1248 nulli
870 1184 1079 1281 patuit
1120 1182 1405 1267 quaesita
1444 1184 1749 1267 palatum.

210 1266 363 1332 Sunt
384 1288 653 1351 quorum
675 1269 1006 1366 ingemum
1020 1288 1186 1333 nova
1204 1268 1759 1348 tantumjcrustula
1775 1268 2031 1350 promit.

205 1351 618 1436 Nequaquam
663 1355 819 1417 sat1s
860 1353 931 1416 in
972 1374 1042 1417 re
1082 1374 1211 1417 una
1254 1373 1625 1417 consumere
1671 1373 1915 1434 curam,

205 1435 292 1501 Vt
318 1437 512 1520 siquis
543 1437 749 1501 solum
789 1437 946 1521 hoc,
990 1437 1160 1502 mala
1200 1459 1283 1502 ne
1328 1437 1459 1502 sint
1498 1437 1677 1520 vina,
1722 1436 1999 1517 laboret,

206 1519 385 1595 Quali
426 1521 769 1606 perfundat
808 1522 1016 1605 pisces
1059 1543 1317 1588 securus
1361 1521 1549 1587 olivo.
2060 1532 2127 1582 50

202 1605 475 1669 Massica
519 1606 576 1670 si
619 1607 792 1670 caelo
839 1626 1159 1690 suppones
1200 1607 1351 1671 vina
1394 1626 1616 1672 sereno
1634 1655 1653 1689 ,

200 1689 556 1774 Nocturna,
602 1690 812 1773 siquid
855 1691 1113 1755 crassist
1126 1740 1145 1774 ,
1190 1690 1562 1756 tenuabitur
1603 1711 1785 1774 aura,

198 1772 288 1838 Et
330 1774 592 1839 decedet
633 1775 792 1838 odor
832 1774 1045 1839 nervis
1087 1775 1415 1859 inimicus3
1461 1778 1528 1839 at
1568 1775 1680 1838 illa

197 1857 530 1943 Integrum
572 1858 848 1940 perdunt
887 1858 1023 1922 hino
1066 1858 1294 1921 vitiata
1336 1878 1644 1940 saporem.

199 1940 577 2006 Surrentina
618 1940 797 2005 vafer
887 1939 955 2003 ui
996 1940 1224 2005 miscet
1264 1940 1441 2005 faece
1482 1939 1756 2005 Falerna
2061 1951 2128 2004 55

197 2024 399 2107 Vina,
447 2023 810 2089 columbino
845 1960 1077 2088 {imum
1118 2024 1282 2088 bene
1327 2024 1576 2109 colligit
1617 2045 1737 2088 ovo
1749 2072 1770 2106 ‚

197 2107 527 2184 Quatenus
569 2108 698 2172 ima
736 2108 901 2191 petit
941 2108 1204 2173 volvens
1244 2108 1456 2172 aliena
1496 2107 1769 2172 vitellus.
1849 2169 1850 2172 ,

195 2192 414 2257 Tostis
457 2195 846 2258 marcentem
889 2192 1137 2277 squillis
1179 2192 1495 2258 recreabis
1539 2195 1605 2258 et
1645 2192 1808 2257 Afra

191 2276 500 2342 Potorem
544 2276 832 2342 cochlea:
875 2299 1026 2342 nam
1068 2277 1319 2343 lactuca
1360 2278 1613 2342 innatat
1652 2278 1784 2342 acri

190 2360 357 2426 Post
383 2362 604 2426 vinum
633 2361 989 2427 stomacho·
1021 2384 1222 2446 perna
1249 2362 1455 2448 magis
1486 2383 1562 2427 ac
1590 2382 1697 2425 ma
1743 2362 1798 2425 is
1826 2360 2002 2426 hillis
2062 2373 2129 2425 60

189 2444 487 2530 Flagitat
526 2446 846 2511 inmorsus
887 2413 1064 2511 refici
1139 2446 1296 2529 quin
1339 2446 1555 2512 omnia
1594 2469 1684 2520 m,
1730 2446 1805 2530 't,

191 2528 647 2612 Quaecumque
689 2529 1013 2594 inmundis
1055 2495 1307 2595 fervent
1349 2531 1562 2595 adlata
1601 2530 1879 2629 popinis.

185 2613 320 2679 Est
363 2634 592 2696 operae
633 2614 907 2696 pretium
952 2613 1038 2679 du
1081 2614 1221 2684 licis
1263 2636 1641 2698 pernoscere
1683 2615 1839 2679 luris

183 2696 533 2763 Naturam.
609 2695 892 2781 Simplex
935 2719 970 2763 e
1053 2698 1183 2763 ulei
1225 2702 1477 2764 constat
1519 2698 1722 2782 oliv0,

184 2782 384 2857 Quod
472 2782 655 2867 ingui
696 2782 962 2847 miscere
1003 2804 1178 2847 mero
1222 2784 1551 2866 muriaque
1595 2780 1844 2845 decebit
2062 2792 2128 2845 65

178 2866 349 2932 Non
392 2804 520 2930 alia
563 2887 750 2949 quam
794 2888 919 2950 qua
958 2866 1271 2950 Byzantia
1357 2866 1526 2931 utuit
1569 2885 1735 2929 orca.

178 2948 339 3015 Hoc
382 2950 494 3016 ubi
537 2950 871 3015 confusum
910 2951 1098 3015 sectis
1140 2949 1309 3015 infer
1351 2950 1450 3015 uit
1488 2949 1703 3014 herbis

179 3034 470 3117 Corycio
515 3056 596 3100 ue
639 3055 826 3099 croco
871 3056 1161 3119 sparsum
1205 3034 1411 3118 stetit,
1454 3035 1714 3118 insuper
1754 3033 1949 3099 addes

175 3117 429 3182 Pressa
533 3118 874 3184 enafranae
917 3118 1087 3202 quod
1128 3117 1292 3183 baca
1331 3119 1577 3184 remisit
1618 3117 1842 3184 olivae.
2003 3168 2010 3173 -

174 3201 451 3267 Picenis
495 3203 728 3267 cedunt
767 3203 977 3287 pomis
1019 3202 1310 3268 Tiburtia
1351 3224 1531 3269 suco:
2061 3215 2129 3267 70

171 3284 369 3351 Nam
413 3285 574 3350 facie
616 3290 960 3371 praestant.
1017 3287 1446 3353 Vennuncula
1489 3288 1790 3354 convenit
1831 3286 2002 3369 ollis3

169 3368 460 3435 Rectius
502 3370 820 3437 Albanam
861 3372 1040 3437 fumo
1085 3371 1407 3437 duraveris
1450 3392 1656 3437 uvam.
1901 3377 1920 3383 “

168 3452 384 3519 Hanc
416 3474 535 3539 ego
570 3475 712 3520 cum
739 3458 955 3542 malis,
986 3477 1106 3543 ego
1151 3456 1394 3522 faecem
1436 3456 1678 3541 primus
1715 3457 1780 3519 et
1808 3454 1999 3539 allec,
