2514 3950
396 202 491 257 LII
1067 201 1631 259 PROLEGOMENA.

529 352 587 424 3,
638 352 762 409 132
813 352 1034 434 Tonsor
1079 356 1204 411 erat
1247 371 1322 411 ex
1368 352 1577 412 Bland.
1626 353 1930 414 vetustiss
1975 352 2310 427 Bentleius,

396 438 755 515 Meinekius3
800 446 960 500 sutor
1004 460 1059 501 v.
1707 488 1710 491 ψ

528 529 594 601 3,
631 530 784 600 133,
827 531 954 588 134
991 529 1208 588 vellwnt
1241 530 1343 589 tibi
1380 531 1622 589 barbam
1651 530 1852 590 lascivi
1865 531 2058 604 pum-i.
2104 528 2309 588 Imita-

395 620 492 676 tus
550 619 643 675 est
693 616 840 677 haec
894 617 1135 676 Persius
1188 635 1238 694 1,
1300 619 1451 694 1333
1509 618 1612 676 ubi
1665 618 1871 693 inepta
1922 617 2096 699 affert
2141 618 2306 678 scho-

396 705 587 780 liasta,
632 724 785 781 quae
830 708 1034 764 tamen
1079 723 1361 781 expressa
1407 710 1547 765 sunt
1586 704 1832 765 Luxorii
1879 707 2307 782 epigrammate

393 812 482 866 ec,
528 792 599 851 de
647 812 764 868 quo
813 793 933 852 dixi
977 811 1110 852 ann.
1155 794 1363 870 philol.
1411 813 1462 853 a.
1515 796 1680 854 1867
1728 812 1828 870 pg.
1879 796 2025 856 786.
2104 793 2306 869 Atque

396 882 505 940 hoc
552 882 763 958 solum,
811 881 968 957 quod
1014 883 1223 957 sciam,
1272 883 1609 958 exemplum
1655 882 1960 942 adhibitae
2004 901 2112 958 per
2157 882 2308 941 anti-

395 971 688 1044 quitatem
743 972 1302 1030 commentariorum
1356 971 1420 1029 in
1465 970 1735 1030 Persium
1781 989 1933 1047 quae
1980 972 2145 1029 extat
2191 971 2307 1029 far-

398 1057 619 1133 raginis
667 1060 1019 1135 exemplum.

524 1164 572 1220 1,
622 1148 681 1205 4.
734 1149 830 1206 10.
893 1166 964 1221 11,
1027 1150 1081 1207 1.
1174 1145 1429 1208 Omnino
1486 1148 1841 1207 conferenda
1895 1164 2048 1222 quae
2096 1146 2168 1205 de
2213 1144 2307 1207 his

300 1284 307 1285 a
395 1236 616 1294 saturis
644 1238 854 1295 notata
881 1238 1022 1296 sunt
1050 1254 1087 1295 a
1113 1236 1287 1295 nobis
1315 1255 1522 1295 comm.
1550 1236 1739 1294 Lucil.
1767 1254 1908 1312 pgg.
1940 1237 2309 1296 290-297.

525 1343 575 1396 1,
622 1326 692 1398 4,
740 1326 778 1383 8
835 1325 1021 1384 dwrus
1074 1341 1405 1397 comonere
1448 1341 1662 1383 versus,
1757 1324 1954 1383 Minus
2001 1341 2189 1399 aeque
2234 1324 2310 1383 de

396 1410 611 1471 Lucilii
665 1413 797 1470 arte
852 1413 1102 1472 metrica
1154 1412 1405 1471 iudicari
1470 1411 1544 1470 ab
1600 1411 1851 1471 Horatio
1916 1410 2039 1470 dixi
2101 1430 2310 1472 comm.

282 1554 289 1559 .
398 1499 538 1560 Luc.
582 1519 680 1576 pg.
730 1503 875 1560 291.
964 1498 1309 1560 Verendum
1361 1503 1591 1575 tamen,
1645 1519 1722 1558 ne
1767 1498 2179 1576 indulgentiae
2221 1501 2312 1559 ni-

397 1588 550 1647 miae
596 1589 840 1648 crimine
884 1591 1007 1648 iam
1044 1591 1356 1648 accusetur
1390 1589 1566 1661 idem,
1602 1589 1776 1648 modo
1801 1587 1991 1646 'fidem
2025 1588 2310 1651 habueris

398 1677 548 1736 libro
593 1677 709 1751 illi,
756 1679 858 1753 qui
900 1677 1169 1737 Berolini
1210 1695 1403 1751 nuper
1445 1676 1671 1751 prodiit
1713 1678 1799 1736 ita
1842 1677 2194 1752 inscriptus:
2243 1677 2311 1738 G.

398 1765 617 1825 Lucilii
685 1772 1040 1827 satta-arum.
1164 1763 1414 1825 Carolus
1484 1765 1904 1825 Lachmannus
1976 1767 2315 1827 emendavit.

399 1853 627 1935 Nempe
670 1854 734 1913 in
777 1856 890 1914 hoc
930 1856 1232 1930 leguntur,
1279 1856 1350 1912 ut
1392 1871 1583 1928 pauca
1629 1871 1938 1930 excerpam
1976 1872 2049 1914 ex
2083 1855 2314 1931 multiS‚

400 1942 672 2002 versiculi
714 1944 871 2003 tales
919 1941 1222 2018 dactylici:
1660 1965 1674 1975 κ

820 2074 925 2127 ego
963 2073 1104 2125 quae
1141 2025 1291 2112 nunc
1325 2056 1568 2112 Aemilio
1602 2073 1738 2126 prae

469 2135 630 2185 canto
668 2131 835 2196 atque
874 2126 1036 2197 exigo
1076 2129 1134 2181 et
1170 2129 1424 2183 excanto.

466 2201 659 2270 pluma
695 2202 864 2267 atque
901 2198 1244 2266 amphitapoe
1280 2202 1332 2252 et
1368 2197 1417 2249 si
1454 2196 1609 2251 aliud
1646 2197 1784 2266 quid
1822 2197 2159 2255 divitiarum.

467 2287 503 2324 a
535 2272 778 2341 primum
814 2271 983 2338 Ζοηρᾶ
1016 2266 1191 2322 brevi'
1232 2267 1469 2336 syllaba.
1505 2284 1606 2321 nos
1650 2272 1840 2323 tamen
1875 2286 2060 2324 unum.

465 2344 531 2396 ut
565 2341 894 2411 perhibetur
929 2338 1077 2392 iners
1091 2380 1104 2404 ,
1141 2353 1231 2391 ars
1268 2338 1330 2390 in
1367 2354 1477 2405 quo
1513 2354 1627 2393 non
1661 2345 1739 2396 est
1772 2341 1905 2395 ulla.

466 2409 662 2468 contrii
696 2410 880 2478 venis,
917 2408 1010 2463 vel
1047 2406 1146 2476 qui
1181 2407 1242 2460 in
1278 2408 1469 2478 nuptis
1506 2408 1653 2464 belle
1692 2426 1812 2464 esse
1850 2426 2020 2480 neges
2055 2412 2130 2464 te.

399 2531 524 2590 sive
570 2525 873 2586 trochaica
916 2525 1014 2582 vel
1059 2523 1317 2583 iambica
1360 2524 1574 2584 mavis:

468 2659 638 2716 perge
677 2639 875 2702 amabo
914 2655 979 2692 ac
1017 2637 1067 2691 si
1093 2644 1240 2708 pote,
1276 2639 1397 2705 face
1424 2637 1655 2719 dignam
1689 2656 1779 2693 me
1815 2641 1880 2694 ut
1914 2639 2074 2694 vobis
2100 2642 2326 2709 putem.

821 2711 958 2765 mihi
993 2725 1202 2765 necesse
1238 2710 1326 2764 est
1360 2708 1533 2776 loqui.

402 2818 739 2888 Praeterea
780 2842 851 2882 ex
907 2821 1114 2883 eodem
1169 2842 1290 2882 non
1347 2824 1473 2883 sine
1535 2842 1752 2900 magno
1816 2824 2119 2885 commodo
2182 2843 2332 2900 per-

400 2915 701 2989 discimus,
746 2911 1209 2989 Lachmannum,
1257 2930 1392 2970 cum
1427 2911 1595 2987 prius
1643 2912 1956 2971 statuisset
2000 2912 2064 2970 in
2098 2911 2334 2974 Lucilii

404 3002 573 3063 libris
601 3020 720 3060 non
756 3000 942 3060 fuisse
981 3001 1100 3060 nisi
1134 3002 1516 3060 hexametros
1552 3003 2075 3075 pentametrosque
2113 3000 2333 3079 dacty-
2443 3061 2444 3070 ,

405 3093 546 3152 licos
604 3092 666 3148 et
720 3089 1002 3150 iambicos
1058 3090 1365 3149 trimetros
1424 3106 1492 3147 ac
1545 3088 1877 3148 trochaicos
1926 3090 2333 3169 septenariOS,
2443 3099 2444 3102 ’

405 3177 721 3256 postremis
767 3178 929 3237 vitae
973 3178 1279 3238 mensibus
1327 3176 1488 3252 apud
1533 3176 1787 3235 eundem
1832 3176 2220 3251 deprendisse
2262 3185 2335 3240 et

405 3268 737 3342 octonarios
800 3266 1085 3326 iambicos
1160 3267 1259 3326 vel
1334 3257 1665 3324 trochaicos
1731 3265 1795 3323 et
1856 3268 2335 3338 anapaestorum
2437 3273 2438 3280 ’

408 3356 569 3418 varia
624 3374 847 3432 genera
903 3358 964 3414 et
1019 3354 1267 3415 creticos
1326 3354 1388 3412 et
1432 3350 1733 3429 bacchiOS‚
1790 3351 2080 3427 quaedam
2136 3355 2336 3415 etiam

409 3447 620 3520 metra,
687 3462 838 3521 quae
913 3462 950 3503 a
1011 3461 1106 3501 me
1176 3441 1445 3517 quidem,
1519 3441 1901 3516 quantumvis
1964 3442 2333 3522 laborarem,
