2514 3950
913 190 1483 248 PROLEGOMENA.
1973 191 2156 247 XXIX

804 334 883 389 sic
917 336 1045 389 tota
1078 334 1292 403 passim
1326 334 1554 404 regione
1590 335 1869 402 vagantur

542 403 687 459 aeris
723 404 782 458 in
820 405 1031 475 campis
1066 404 1215 459 latis.

373 499 655 560 Ceterum
701 518 838 560 cum
873 501 1097 561 Catulli
1140 519 1349 561 versus
1398 519 1544 577 quos
1591 502 1772 560 attuli
1814 501 1991 577 petiti
2037 503 2159 563 sint

236 608 312 648 ex
345 589 569 649 tralato
599 588 952 650 Callimachi
987 608 1165 666 opere
1202 590 1277 649 de
1308 607 1477 649 coma
1504 589 1837 663 Berenices,
1874 590 2158 650 credibile

237 679 335 736 est
385 678 674 753 praeiisse
727 680 840 738 hoc
893 682 963 739 ut
1016 678 1137 738 alia
1180 678 1376 754 poetis
1422 678 1656 738 Latinis
1702 676 2158 739 Alexandrinos,

242 764 468 825 Tamen
521 767 686 843 apud
740 767 1027 838 Quintum
1078 786 1176 839 111,
1244 768 1370 827 657
1438 766 1818 827 scribendum
1883 767 2157 828 existimo

241 849 547 928 μεγάλοιο
604 849 749 916 κατ’
793 851 1080 930 αἰθέρος,
1124 855 1282 915 sicut
1327 855 1474 916 alibi
1518 874 1755 931 semper
1798 855 1975 916 idem.
2069 856 2158 916 Cf.

237 945 304 1002 et
345 962 444 1018 111,
493 946 640 1003 665.
690 947 815 1005 708
866 944 955 1005 ed.
994 944 1462 1021 Tychsenianae.

377 1050 478 1124 28,
518 1050 599 1107 21
641 1067 725 1125 sq.
776 1068 869 1109 me
911 1067 1129 1123 quoque
1172 1052 1371 1110 devexi
1412 1051 1661 1123 rapidus
1705 1067 1889 1111 comes
1927 1049 2161 1111 Orionis

239 1138 503 1210 Illyricis
537 1136 727 1195 Notus
770 1139 963 1196 obruit
1001 1139 1193 1197 wndis.
1261 1136 1515 1196 Omnino
1559 1137 1966 1213 recipiendum
2011 1143 2160 1214 erat,

243 1226 360 1284 etsi
402 1224 571 1284 tenui
617 1225 885 1285 codicum
929 1225 1292 1285 auctoritate
1335 1225 1658 1297 munitum,
1705 1225 1859 1283 illud
1900 1228 2159 1300 rabidus,

239 1332 377 1373 cum
429 1330 551 1373 non
603 1313 973 1373 celeritatem
1024 1313 1264 1387 Austri,
1325 1312 1433 1373 sed
1475 1312 1823 1374 violentiam
1868 1315 1981 1374 hoc
2032 1316 2161 1375 loco

240 1402 608 1479 tangendam
660 1402 851 1462 fuisse
902 1401 1079 1462 facile
1133 1403 1438 1478 appareat.
1528 1401 1742 1478 Neque
1795 1419 1936 1462 curo
1981 1422 2163 1462 mem-

237 1491 459 1551 branas
506 1508 658 1550 saec.
703 1509 840 1551 vnn
880 1492 979 1552 vel
1012 1511 1071 1565 x,
1118 1508 1255 1550 cum
1299 1492 1533 1550 constet
1575 1490 1699 1549 iam
1742 1490 1849 1550 illo
1892 1495 2162 1567 tempore

238 1582 424 1656 atque
470 1579 652 1638 etiam
696 1580 893 1656 priore
937 1598 1153 1656 parum
1206 1579 1394 1640 fuisse
1447 1582 1819 1655 compertum
1866 1598 2161 1655 gramma-

239 1669 403 1741 ticis,
458 1668 617 1727 inter
666 1670 945 1742 rapidum
999 1672 1086 1743 et,
1142 1669 1303 1745 quod
1354 1668 1552 1727 rarius
1599 1668 1949 1728 occurrebat
1991 1686 2162 1730 voca-

241 1757 478 1830 bulum,
523 1757 798 1817 rabidum
841 1757 986 1833 quid
1028 1756 1369 1817 interesset.

373 1846 461 1905 Ib.
513 1846 598 1903 24
652 1847 874 1907 ossibus
928 1850 981 1905 et
1037 1848 1215 1920 capiti
1270 1845 1585 1905 inhumato.
1674 1844 1949 1903 Videnda
2009 1864 2162 1922 quae

236 1933 498 1994 diximus
544 1932 599 1992 d.
637 1952 686 1995 r.
724 1953 801 1995 m.
846 1952 948 2011 pg.
986 1934 1111 1993 311
1163 1936 1226 1993 et
1271 1933 1350 1992 ad
1395 1952 1485 2009 ep.
1535 1935 1637 2006 11,
1686 1934 1788 1993 24.

376 2041 425 2095 1,
477 2023 603 2100 31,
640 2024 676 2080 9
728 2020 1009 2079 Calenam
1050 2020 1290 2096 Porph„
1327 2019 1550 2097 Bentl„
1597 2018 1818 2079 Calena
1862 2019 1992 2079 cdd.

376 2127 422 2181 1,
473 2111 585 2180 32,
633 2108 671 2166 5
719 2108 883 2168 dulce
922 2110 1167 2168 lenimen
1199 2109 1590 2182 mediamque
1624 2108 1797 2168 salve.
1858 2110 2163 2168 medicum-

238 2216 353 2272 que
394 2197 830 2271 Lachmannus‚
874 2198 1017 2256 mihi
1061 2213 1300 2299 cumque
1342 2196 1500 2271 cdd.3
1546 2195 1618 2255 cf.
1659 2196 1796 2256 lect.
1831 2196 1974 2257 Hor.
2016 2199 2163 2257 696.

375 2304 425 2359 1,
473 2287 576 2346 35.
653 2285 824 2344 Hanc
870 2285 1022 2345 oden
1063 2285 1129 2344 in
1174 2285 1500 2361 exemplari
1545 2302 1651 2345 suo
1698 2286 1989 2344 adnexam
2034 2287 2163 2345 sine

240 2375 560 2434 intervallo
614 2374 997 2450 praecedenti
1047 2373 1281 2434 invenit
1331 2373 1651 2434 Diomedes
1715 2371 1839 2450 [pg.
1888 2376 2012 2434 521
2062 2372 2163 2451 Ρ].

243 2464 471 2522 Tamen
507 2463 752 2522 minime
788 2462 1186 2522 accedendum
1211 2462 1633 2538 Peerlcampio,
1673 2463 1777 2538 qui
1808 2462 1954 2521 dicit
1984 2480 2162 2539 posse

236 2553 505 2627 aliquem
558 2551 852 2627 suspicari
905 2569 1038 2610 eam
1092 2551 1456 2626 iungendam
1503 2569 1634 2610 esse
1677 2551 1881 2627 priori.
1968 2551 2160 2611 Immo

242 2640 384 2699 huic
429 2640 482 2699 si
517 2640 789 2700 obsecuti
825 2640 1061 2712 erimus,
1108 2640 1328 2698 mirum
1364 2642 1653 2715 quantum
1694 2638 2162 2714 ταυτολογήσει

242 2729 454 2802 oratio,
490 2746 624 2787 cum
662 2728 876 2786 ultima
907 2728 1158 2803 stropha
1183 2728 1463 2787 carminis
1490 2745 1711 2786 xxxnn
1744 2728 1923 2803 plane
1952 2728 2162 2787 eodem

244 2835 422 2876 sensu
465 2816 546 2876 sit
581 2835 697 2893 quo
734 2817 930 2892 prima
966 2817 1405 2892 subsequentis.
1486 2815 1613 2874 Nec
1649 2817 1791 2890 apte
1827 2815 2159 2874 tribuemus

238 2905 497 2965 Horatio
535 2905 698 2964 ultro
733 2904 994 2979 repetita
1028 2906 1299 2980 proximo
1335 2903 1656 2963 intervallo
1691 2903 1800 2962 illa
1825 2904 2058 2964 sustulit
2079 2935 2156 2945 —

242 2996 450 3054 tollere.
540 2993 631 3051 Ac
683 2996 888 3053 tamen
938 2992 1379 3053 necessitudine
1433 2991 1688 3067 quadam
1741 2991 1967 3052 artiore
2010 3009 2161 3051 nexa

243 3085 386 3141 sunt
432 3083 494 3140 et
537 3081 731 3157 ligata
773 3082 934 3140 inter
979 3098 1044 3140 se
1088 3082 1235 3141 haec
1278 3080 1593 3156 opuscula3
1638 3079 1862 3160 quippe
1909 3083 2163 3156 apparet

242 3170 562 3229 Horatium
609 3170 720 3243 hic,
770 3169 927 3230 sicut
971 3169 1117 3228 alibi
1162 3186 1340 3245 saepe
1376 3169 1657 3227 amarunt
1693 3172 1756 3228 et
1789 3168 1920 3245 ipse
1958 3171 2021 3228 et
2056 3169 2163 3227 alii

242 3261 456 3333 poetae
502 3258 732 3333 Latini,
789 3258 1163 3318 sententiam
1203 3276 1383 3335 quam
1433 3258 1499 3315 in
1550 3257 1667 3315 fine
1711 3258 2006 3359 poematis
2060 3276 2162 3333 po-

243 3349 451 3405 suerat
486 3304 819 3406 accuratius
858 3364 987 3406 esse
1020 3348 1403 3423 persecutum
1438 3345 1595 3406 curis
1623 3345 1928 3421 proximis,
1977 3344 2161 3404 Cuius

238 3433 335 3493 rei
380 3436 649 3510 exempla
692 3436 946 3494 maxime
992 3436 1286 3495 notabilia
1338 3435 1527 3495 habes
1581 3434 1725 3495 libri
1766 3453 1839 3494 111
1884 3434 2159 3493 carmini-
