2514 3950
295 198 545 273 ΗΒΕ]
1078 198 1294 253 LIBER
1335 197 1433 255 m.
1783 159 1788 163 ’
2145 192 2222 255 71

509 360 633 437 Qui
674 360 893 426 Musas
937 364 1110 425 amat
1152 361 1407 443 inpares
1420 407 1440 443 ‚

601 444 844 510 Ternos
886 447 986 509 ter
1029 466 1064 509 c
1108 444 1295 508 athos
1338 444 1647 508 attonitus
1690 446 1866 527 petet

506 528 735 614 Vates3
779 533 909 594 tres
953 549 1071 612 pro
1125 528 1252 593 'bet
1295 549 1486 612 supra
1729 612 1730 615 Ἴ
2159 538 2223 588 15

597 612 903 678 Rixarum
944 616 1235 678 metuens
1277 614 1543 698 tangere
1587 610 1808 677 Gratia

503 731 571 797 N
570 730 710 795 udis
754 732 972 796 iuncta
1014 731 1358 796 sororibus.

597 815 887 881 Insanire
929 815 1132 881 iuvat:
1181 836 1294 879 cur
1336 814 1753 897 Berecyntiae

508 898 782 965 Cessant
820 899 1083 963 flamina
1123 898 1362 963 tibiae?

601 980 733 1046 Cur
773 982 1010 1064 pendet
1048 983 1245 1046 tacita
1286 982 1500 1045 fistula
1543 1002 1686 1049 cum
1736 979 1917 1063 lyra?
2157 991 2225 1041 20

508 1097 851 1162 Parcentes
897 1116 1017 1180 ego
1063 1097 1353 1160 dexteras

605 1179 756 1244 Odi:
802 1200 1032 1264 sparge
1073 1199 1278 1264 rosas;
1328 1178 1545 1242 audiat
1583 1178 1836 1244 invidus

508 1262 888 1333 Dementem
931 1263 1266 1347 strepitum
1306 1261 1514 1346 Lycus
1523 1311 1544 1359 2

601 1347 692 1412 Et
730 1347 942 1412 vicina
984 1347 1122 1411 seni
1162 1368 1299 1412 non
1338 1346 1573 1412 habilis
1611 1345 1804 1430 Lyco.
1916 1425 1924 1433 ἱ

512 1465 732 1551 Spissa
772 1468 836 1531 te
878 1465 1155 1530 nitidum
1199 1487 1413 1549 coma,
2156 1477 2228 1526 ιε

599 1549 767 1615 Puro
810 1553 876 1615 te
920 1550 1223 1634 similem,
1270 1549 1581 1635 Telephe,
1624 1569 1890 1634 vespero

507 1633 912 1718 Tempestiva
951 1634 1116 1719 petit
1154 1633 1411 1720 Rhode3

599 1717 706 1782 Me
748 1719 958 1784 lentus
1006 1717 1314 1801 Glycerae
1356 1721 1559 1784 torret
1600 1740 1779 1783 amor
1821 1738 2019 1783 meae.

1179 1939 1338 2013 XX.
2099 1977 2150 2008 κ’
2230 2021 2246 2054 ἰ
2270 1969 2304 2038 (2
2349 1964 2378 2022 Γ

508 2052 663 2118 Non
704 2052 881 2117 vides
924 2055 1162 2136 quanto
1206 2073 1465 2116 moveas
1507 2052 1781 2136 periclo,
2053 2015 2131 2090 ja
2143 2033 2206 2099 ’μ’

510 2135 782 2220 Pyrrhe,
828 2135 1132 2201 Gaetulae
1177 2137 1421 2201 catulos
1464 2135 1768 2201 leaenae?

510 2219 690 2284 Dura
731 2223 882 2305 post
920 2220 1136 2305 paullo
1179 2221 1389 2307 fugies
1431 2218 1710 2285 inaudax

601 2304 853 2369 Proelia
892 2307 1141 2390 raptor,

511 2422 674 2488 Cum
713 2444 829 2506 per
873 2422 1201 2487 obstantes
1243 2424 1545 2487 iuvenum
1590 2425 1868 2487 catervas
2193 2437 2229 2486 5

509 2506 641 2570 Ibit
682 2506 1003 2590 insignem
1044 2508 1340 2590 repetens
1382 2505 1779 2572 Nearchum:

513 2589 769 2654 Grande
815 2593 1162 2673 certamen,
1206 2589 1329 2653 tibi
1372 2590 1609 2674 praeda
1652 2591 1863 2677 cedat,

603 2672 813 2737 Maior
855 2695 939 2736 an
981 2673 1112 2738 illa.

510 2790 777 2855 Interim
787 2839 806 2874 ‚
852 2791 1004 2855 dum
1045 2794 1119 2857 tu
1163 2792 1397 2856 celeres
1443 2794 1711 2877 sagittas

507 2875 786 2958 Promis,
829 2875 989 2941 haec
1033 2875 1252 2940 dentes
1297 2876 1470 2939 acuit
1509 2874 1858 2959 timendos,
2161 2891 2226 2938 10

509 2959 770 3024 Arbiter
809 2981 1063 3044 pugnae
1105 2959 1395 3043 posuisse
1437 2957 1609 3022 nudo

602 3042 734 3108 Sub
776 3043 936 3126 pede
978 3043 1259 3126 palmam
1705 3077 1710 3082 ·

507 3160 735 3225 Fertur
776 3163 842 3225 et
882 3160 1013 3224 leni
1054 3180 1340 3223 recreare
1381 3162 1572 3224 vento

511 3242 814 3327 Sparsum
858 3243 1134 3309 odoratis
1178 3255 1467 3309 umerum
1511 3245 1790 3330 capillis,

513 3324 729 3401 Qualis
772 3330 881 3393 aut
912 3328 1147 3395 Nireus
1190 3328 1316 3392 fuit
1358 3332 1470 3395 aut
1510 3349 1752 3413 aquosa
2161 3331 2243 3391 15¹

602 3408 847 3494 Raptus
890 3413 972 3477 ab
1014 3413 1146 3478 Ida.
