2514 3950
324 188 452 253 222
1034 187 1547 245 Emsrvmnvn
2184 188 2250 263 [1.

450 355 857 438 Repentesp
860 375 931 418 er
969 353 1235 419 humum
1264 373 1529 501 ί(11118111
1501 372 1602 416 188
1633 371 1992 435 conponere
2033 352 2251 435 gestas

453 440 912 522 Terrarumque
954 438 1115 503 situs
1158 439 1225 502 et
1569 435 1776 501 dicere
1821 438 1886 501 et
1926 456 2102 499 arces

451 523 781 589 Montibus
791 460 1133 607 qinpositas
1176 525 1243 585 et
1284 521 1552 586 barbara
1590 541 1822 605 regna,
1872 519 2123 603 tuisque

451 607 775 693 Auspiciis
817 610 1028 672 totum
1070 605 1364 671 confecta
1406 605 1616 670 duella
1703 627 1771 669 81·
1812 604 2060 686 orbem,

325 705 424 757 256
456 692 869 775 claustraque
912 689 1239 755 custodem
1281 690 1458 774 pacis
1502 627 1869 754 cohigentia
1911 687 2166 771 Ianum,

450 777 540 841 Et
580 775 986 841 formidatam
1027 712 1324 858 Ρ8111118Ρ
1329 778 1393 838 18
1434 774 1722 858 principe
1764 773 2064 856 Romam,

454 861 524 927 Si
567 863 874 945 quantum
918 878 1212 943 cuperem
1254 879 1512 942 possem
1556 879 1834 943 quoque3
1891 856 2003 922 sed
2041 877 2251 941 neque

1539 964 1805 1026 parvum

453 1029 728 1096 Carmen
769 1029 1065 1094 maiestas
1108 1028 1338 1113 recipit
1377 1030 1516 1111 tua,
1561 1047 1680 1092 nec
1723 1046 1902 1092 meus
1946 1025 2134 1090 audet

450 1114 613 1180 Rem
655 1117 1052 1198 temptarep
1053 1113 1215 1178 udor
1259 1133 1449 1196 quam
1491 1112 1657 1177 vires
1715 1111 1880 1175 ferre
1933 1116 2253 1177 recusent.

326 1212 427 1263 260
456 1198 770 1265 Sedulitas
813 1136 1052 1263 autemP
1071 1198 1264 1262 stulte
1308 1218 1495 1294 quem
1539 1195 1751 1280 diligit
1790 1197 2048 1280 urguet,

449 1283 804 1380 Praecipue
838 1304 984 1348 cum
1027 1303 1095 1347 se
1135 1281 1418 1345 numeris
1461 1279 1863 1346 commendat
1905 1281 1970 1344 et
2011 1281 2178 1344 arte:

449 1367 660 1433 Discit
702 1367 874 1464 enim
919 1367 1104 1432 citius
1146 1365 1562 1449 meminitque
1605 1365 1907 1430 libentius
1950 1362 2110 1428 illud

451 1451 635 1528 Quod
659 1451 799 1536 quis
831 1451 1090 1535 deridet,
1128 1472 1319 1534 quam
1347 1449 1516 1534 quod
1543 1450 1776 1534 probat
1802 1451 1866 1514 et
1895 1449 2253 1513 veneratur.

450 1535 564 1601 Nil
590 1557 806 1601 moror
834 1535 1135 1619 officium,
1166 1533 1337 1618 quod
1356 1555 1460 1599 me
1487 1536 1732 1620 gravat,
1762 1555 1835 1598 ac
1862 1553 2068 1616 neque
2098 1532 2255 1597 ficto

325 1633 422 1683 265
453 1619 534 1683 In
575 1620 757 1702 peius
795 1620 980 1682 voltu
1021 1619 1299 1702 proponi
1342 1638 1560 1683 cereus
1602 1639 1871 1703 usquam

448 1703 512 1768 N
516 1723 588 1767 ec
629 1723 822 1785 prave
865 1702 1054 1800 factis
1099 1702 1385 1767 decorari
1424 1703 1711 1767 versibus
1755 1704 1938 1786 opto,

449 1786 549 1852 Ne
591 1786 855 1851 rubeam
895 1787 1125 1872 pingui
1168 1786 1439 1852 donatus
1481 1808 1772 1871 munere,
1817 1789 1920 1934 ete
1924 1806 2051 1849 una

452 1869 615 1936 Cum
658 1872 966 1969 scriptore
1010 1892 1154 1936 meo
1199 1892 1274 1936 ca
1319 1892 1390 1935 sa
1428 1875 1759 1955 porrectus
1800 1892 1837 1935 o

447 1953 777 2022 Deferar
757 1980 827 2022 m
867 1957 1079 2022 vicum
1120 1977 1244 2022 ven
1289 1958 1500 2021 entem
1541 1958 1645 2021 tus
1690 1957 1755 2021 et
1797 1975 1835 2020 o
1880 1974 2022 2019 ores

323 2052 423 2104 270
449 2040 539 2106 Et
577 2042 761 2126 piper
803 2044 868 2107 et
910 2040 1213 2125 quidquid
1256 2039 1492 2105 chartis
1535 2041 1828 2106 amicitur
1870 2038 2129 2123 ineptis.

1226 2329 1322 2406 H.

446 2460 663 2558 Flore,
710 2462 880 2528 bono
925 2460 1221 2546 claroque
1264 2461 1471 2526 fidelis
1515 2461 1715 2527 amice
1758 2461 2035 2545 Neroni,

448 2544 516 2609 Si
561 2509 663 2608 uis
700 2544 864 2609 forte
897 2546 1053 2609 velit
1094 2568 1359 2626 puerum
1399 2545 1522 2610 tibi
1564 2545 1835 2611 vendere
1876 2549 2104 2610 natum

446 2627 524 2691 Ti
571 2649 681 2691 ure
722 2629 824 2693 vel
869 2570 1134 2713 (51811118Ρ
1164 2632 1230 2694 81
1271 2633 1483 2695 tecum
1526 2630 1617 2694 sic
1660 2633 1814 2715 agat
1855 2630 1982 2695 ‘hic
2025 2632 2094 2695 et

448 2711 772 2779 Candidus
817 2716 881 2779 et
920 2677 1120 2777 talos
1129 2734 1168 2778 a
1209 2715 1445 2780 vertice
1486 2714 1751 2798 pulcher
1795 2715 1875 2779 ad
1917 2715 2083 2779 imos

389 2809 420 2860 5
450 2796 595 2862 Fiet
638 2798 880 2882 eritque
922 2801 1068 2863 tuus
1110 2819 1518 2864 nummorum
1559 2800 1817 2864 milibus
1863 2803 2009 2864 octo
2022 2847 2040 2882 ‚

443 2879 661 2946 Verna
702 2883 1072 2948 181818181118
1117 2883 1197 2948 ad
1239 2885 1435 2947 nutus
1478 2886 1663 2966 aptus
1708 2885 1941 2967 811188,

444 2965 742 3030 Literulis
787 2965 1046 3032 Graecis
1089 2967 1399 3050 imbutus,
1451 2967 1717 3033 idoneus
1762 2969 1884 3032 8111

447 3048 754 3114 Cuilibet·
800 3051 1028 3135 argilla
1070 3051 1320 3134 quidvis
1361 3015 1712 3117 imitaberis
1755 3052 1900 3117 uda:

447 3133 616 3209 Quin
660 3134 853 3197 etiam
897 3137 1082 3199 canet
1123 3135 1452 3200 indoctum
1495 3136 1607 3201 sed
1648 3137 1831 3201 dulce
1874 3137 2141 3203 bibenti.

351 3230 416 3280 10
443 3217 650 3282 Multa
690 3218 881 3283 fidem
923 3219 1236 3303 promissa
1283 3220 1524 3304 levant,
1581 3220 1689 3285 ubi
1743 3220 1995 3304 plenius
2039 3243 2267 3306 aequo

444 3302 691 3366 Laudat
732 3303 987 3368 venales
1031 3304 1139 3388 qui
1183 3304 1319 3368 volt
1360 3269 1688 3369 extrudere
1730 3325 1992 3370 merces.

444 3385 571 3451 Res
614 3391 845 3471 urguet
885 3409 988 3453 me
1029 3388 1237 3454 nulla:
1289 3409 1432 3453 meo
1477 3411 1617 3453 sum
1667 3411 1910 3474 pauper
1961 3390 2031 3454 in
2073 3411 2257 3458 aere.

444 3470 652 3536 Nemo
674 3471 797 3535 hoc
818 3493 1211 3558 mangonum
1230 3473 1467 3538 faceret
1494 3473 1641 3558 tibi3
1672 3494 1807 3539 non
1823 3477 2061 3539 temere
2084 3496 2123 3537 a
2143 3497 2266 3540 me
