2514 3950
255 206 373 279 ΠΙ]
1045 204 1263 260 mma
1303 206 1373 262 11.
2052 202 2182 268 229

254 367 534 451 Inceptis
578 367 878 452 gravibus
921 368 1294 451 plerumque
1324 370 1389 431 et
1429 388 1665 453 magna
1704 370 2010 453 professis

253 452 646 535 Purpureus,
690 452 819 516 late
863 452 971 535 qui
1015 451 1379 536 splendeat,
1430 473 1594 517 unus
1638 455 1704 517 et
1744 453 1907 518 alter
2115 467 2181 517 15

254 536 565 601 Adsuitur
606 557 888 619 pannus,
933 558 1079 601 cum
1120 537 1300 602 lucus
1344 539 1411 600 et
1454 558 1564 601 ara
1604 534 1853 601 Dianae

254 620 341 685 Et
381 620 780 705 properantis
826 642 1025 705 aquae
1066 643 1181 705 per
1223 642 1526 686 amoenos
1559 622 1836 685 ambitus
1865 643 2054 707 agros

253 706 388 769 Aut
411 704 649 769 flumen
675 704 972 770 Rhenum
1003 708 1114 771 aut
1147 706 1400 790 pluvius
1431 705 1811 771 describitur
1838 727 2052 791 arcus;

255 788 379 854 Sed
397 811 570 854 nunc
590 810 726 854 non
748 793 887 855 erat
905 789 1006 854 his
1023 790 1220 855 locus.
1278 790 1368 855 Et
1386 790 1658 855 fortasse
1687 811 2055 874 cupressum

252 873 391 938 Scis
435 873 758 939 simulare:
804 874 957 957 quid
999 875 1123 939 hoc
1132 923 1152 957 ,
1199 875 1255 938 si
1296 874 1516 939 fractis
1560 877 1777 940 enatat
1819 896 2042 959 exspes
2113 889 2182 938 20

249 957 567 1041 Navibus,
614 979 759 1022 aere
788 958 937 1020 dato
968 959 1077 1039 qui
1103 958 1438 1042 pingitur?
1483 958 1816 1042 Amphora
1844 961 2056 1044 coepit

249 1040 541 1105 Institui:
588 1044 878 1105 currente
918 1044 1060 1103 rota
1104 1062 1216 1104 cur
1257 1063 1483 1106 urceus
1528 1043 1704 1105 exit?

252 1123 544 1207 Denique
588 1124 675 1187 sit
717 1122 967 1207 quidvis
976 1174 997 1207 ,
1043 1124 1313 1207 simplex
1356 1124 1686 1189 dumtaxat
1728 1128 1793 1189 et
1833 1149 2049 1193 unum.

252 1208 533 1272 Maxima
558 1229 708 1291 pars
737 1210 983 1291 vatum,
1017 1211 1200 1292 pater
1229 1211 1295 1272 et
1315 1208 1576 1274 iuvenes
1617 1213 1800 1293 patre
1843 1210 2052 1295 digni,

252 1291 623 1376 Decipimur
666 1292 876 1376 specie
917 1292 1096 1358 recti.
1166 1292 1394 1358 Brevis
1439 1315 1577 1358 esse
1619 1293 1874 1377 laboro,
2112 1306 2179 1356 25

255 1376 577 1442 Obscurus
620 1377 734 1457 fi03
780 1378 1129 1441 sectantem
1172 1377 1339 1442 levia
1381 1377 1563 1442 nervi

251 1460 575 1526 Deficiunt
616 1460 966 1544 animique3
1009 1461 1336 1544 professus
1381 1461 1651 1546 grandia
1692 1464 1938 1547 turget3

254 1543 467 1628 Serpit
505 1545 684 1609 humi
724 1547 900 1609 tutus
943 1545 1212 1609 nimium
1255 1546 1642 1630 timidusque
1683 1546 2030 1632 procellae;

253 1628 377 1705 Qui
417 1630 660 1694 variare
704 1630 884 1713 cupit
922 1651 1059 1694 rem
1100 1629 1287 1714 prodi
1340 1631 1544 1695 'aliter
1583 1652 1781 1696 unam
1791 1681 1810 1713 ,

249 1712 642 1797 Delphinum
685 1713 861 1778 silvis
906 1714 1227 1799 adpingit,
1316 1715 1567 1779 uctibus
1612 1738 1855 1800 aprum.
2111 1727 2180 1777 3ο

249 1796 331 1862 In
371 1798 595 1863 vitium
640 1798 815 1861 ducit
858 1798 1081 1879 culpae
1123 1799 1307 1881 fuga,
1353 1800 1410 1862 si
1453 1803 1628 1863 caret
1669 1803 1822 1863 arte.

249 1882 598 1945 Aemilium
643 1882 810 1944 circa
849 1879 1071 1943 ludum
1112 1881 1295 1944 faber
1333 1902 1499 1946 unus
1545 1886 1609 1945 et
1650 1902 1897 1965 ungues

249 1964 586 2047 Exprimet
628 1967 694 2028 et
732 1963 961 2028 molles
1001 1963 1358 2030 imitabitur
1400 1987 1543 2030 aere
1588 1965 1852 2049 capillos
1862 2015 1883 2048 ,

250 2048 487 2127 Infelix
529 2069 567 2112 o
616 2048 738 2113 eris
782 2070 1056 2132 summa,
1101 2049 1252 2132 quia
1293 2070 1531 2133 ponere
1571 2053 1782 2113 totum

250 2132 540 2197 Nesciet:
568 2071 757 2197 Ihunc
800 2153 920 2218 ego
963 2155 1096 2216 me,
1150 2133 1359 2217 siquid
1403 2155 1762 2218 conponere
1806 2155 2048 2218 curem,
2111 2148 2179 2198 35

248 2215 317 2282 N
318 2237 405 2280 on
445 2216 651 2301 magis
695 2238 833 2281 esse
875 2218 1067 2282 velim
1082 2268 1101 2300 ,
1159 2239 1351 2301 quam
1392 2240 1550 2283 naso
1594 2219 1805 2283 vivere
1854 2240 2051 2302 pravo

250 2299 681 2384 Spectandum
724 2302 929 2386 nigris
974 2302 1175 2366 oculis
1218 2303 1532 2400 nigroque
1578 2303 1831 2387 capillo.

249 2383 493 2449 Sumite
534 2386 867 2449 materiam
908 2387 1136 2451 vestris
1148 2435 1167 2469 ‚
1214 2407 1324 2469 qui
1367 2386 1645 2450 scribitis
1656 2435 1675 2469 ‚
1721 2408 1990 2471 aequam

244 2467 509 2533 Viribus
555 2472 620 2533 et
659 2473 905 2533 versate
949 2470 1057 2534 diu
1133 2470 1286 2552 quid
1326 2470 1494 2534 ferre
1536 2473 1859 2554 recusent,

247 2551 418 2627 Quid
460 2553 715 2616 valeant
752 2553 975 2618 umeri.
1039 2519 1160 2618 dui
1202 2553 1369 2618 lecta
1408 2557 1706 2638 potenter
1749 2555 1872 2619 erit
1912 2577 2044 2640 res,
2108 2570 2178 2619 40

244 2635 313 2701 N
316 2657 387 2700 ec
428 2635 728 2701 facundia
770 2636 1017 2701 deseret
1057 2637 1228 2702 hunc
1271 2659 1390 2703 nec
1433 2638 1682 2703 lucidus
1728 2638 1903 2703 ordo,

245 2719 507 2785 Ordinis
550 2720 709 2784 haec
733 2720 934 2786 virtus
980 2721 1100 2786 erit
1128 2724 1193 2786 et
1233 2744 1434 2788 venus
1443 2772 1463 2803 ,
1509 2727 1620 2786 aut
1663 2744 1697 2786 e
1745 2743 1784 2784 o
1827 2722 2049 2806 fallor,

241 2803 335 2869 Vt
376 2805 507 2869 iam
549 2826 721 2870 nunc
766 2804 937 2870 dicat
976 2806 1105 2870 iam
1146 2827 1321 2871 nunc
1364 2805 1661 2870 debentia
1753 2805 1830 2868 ‘ci
1839 2852 1860 2887 ,

240 2889 555 2973 Pleraque
598 2889 850 2954 differ-at
893 2893 957 2954 et
996 2911 1302 2974 praesens
1344 2890 1416 2953 in
1457 2892 1709 2972 tempus
1753 2888 2034 2974 omittat3

239 2972 323 3037 In
364 2975 575 3038 verbis
620 2974 813 3038 etiam
853 2975 1065 3038 tenuis
1110 2976 1456 3056 cautusque
1501 2972 1784 3037 serendis
2108 2986 2176 3037 46

239 3056 387 3120 Hoc
430 3061 627 3141 amet,
671 3057 796 3122 hoc
840 3061 1101 3142 spernat
1140 3057 1443 3141 promissi
1473 3057 1770 3121 carminis
1801 3060 2040 3123 auctor.
2107 3071 2175 3120 45

240 3138 498 3204 Dixeris
542 3165 576 3206 e
658 3142 799 3228 egie
811 3190 832 3225 ,
882 3144 1108 3206 notum
1153 3142 1208 3206 si
1251 3141 1486 3206 callida
1524 3143 1788 3207 verbum

241 3222 585 3289 Reddideri
655 3227 951 3299 iunctura
990 3247 1247 3290 novum.
1337 3225 1407 3292 Si
1448 3228 1614 3292 forte
1656 3227 2008 3309 necessest,

241 3306 507 3372 Indiciis
552 3314 907 3375 monstrare
950 3311 1313 3375 recentibus
1358 3311 1574 3375 abdita
1614 3333 1826 3375 rerum
1835 3359 1856 3395 ,

239 3391 520 3477 Fingere
566 3392 859 3459 cinctutis
902 3416 1039 3460 non
1084 3395 1378 3460 exaudita
1421 3394 1726 3480 Cethegis
2105 3406 2176 3458 50

240 3474 599 3562 Continget
641 3476 1014 3565 dabiturque
1056 3480 1317 3545 licentia
1361 3483 1616 3565 sumpta
1658 3479 1989 3564 pudenter.
