2514 3950
778 1051 1476 1137 PROLEGOME
1488 1053 1673 1136 NA.

421 1311 685 1379 Horatii
721 1313 1010 1378 carmina
1045 1314 1283 1378 iterum
1311 1314 1649 1399 recognita
1677 1316 1751 1378 ut
1780 1314 2032 1380 ederem
2062 1338 2208 1381 cum

286 1406 587 1490 rogasset
622 1402 987 1487 bibliopola
1021 1402 1539 1487 honestissimae,
1577 1403 1777 1468 verba
1812 1403 1957 1488 ipsa
1984 1426 2209 1470 eorum

288 1497 354 1558 et
382 1496 634 1557 textum
664 1491 776 1575 qui
804 1494 1074 1556 vocatur
1099 1490 1446 1556 immutare
1481 1491 1692 1556 minus
1721 1491 1848 1555 fuit
1875 1493 1945 1556 in
1973 1493 2208 1559 animo.

285 1580 460 1647 Nam
515 1603 661 1645 cum
717 1580 913 1645 editio
977 1583 1204 1644 nostra
1269 1580 1546 1644 maxime
1606 1582 2093 1665 gymnasiorum
2141 1587 2208 1646 et

286 1669 762 1735 academiarum
817 1690 938 1732 usu
996 1669 1206 1733 soleat
1251 1669 1405 1752 teri,
1451 1669 1714 1733 illorum
1762 1673 1979 1734 autem
2025 1693 2207 1754 prae·

286 1762 581 1843 ceptores
626 1779 834 1840 neque
872 1757 1128 1841 possint
1163 1779 1370 1840 neque
1409 1757 1685 1821 debeant
1724 1758 1788 1821 in
1829 1758 2206 1842 explicando

287 1846 564 1911 Horatio
623 1846 878 1930 saepius
935 1845 1272 1909 immorari
1328 1845 1487 1910 locis
1544 1846 1865 1931 corruptis
1887 1922 1897 1932 ἡ
1923 1850 1988 1910 et
2045 1869 2206 1930 quos

283 1934 707 2000 coniectando
747 1937 1049 2018 oporteat
1092 1933 1447 2017 emendari,
1490 1937 1684 2018 atque
1722 1934 1892 1999 idem
1931 1936 2208 2019 plerum-

286 2045 411 2107 que
468 2023 826 2106 scripturae
883 2022 1242 2104 antiquitus
1298 2022 1578 2085 traditae
1643 2023 1775 2087 sint
1831 2024 2208 2107 tenacioreS‚

286 2112 521 2176 harum
584 2111 880 2173 doctores
927 2109 1369 2173 diversissima
1415 2113 1710 2173 statuant
1757 2110 1833 2174 de
1878 2112 2032 2174 crisi
2075 2111 2208 2176 Ho-

286 2199 544 2264 ratiana
608 2198 1040 2281 vitiorumque
1104 2198 1174 2261 in
1232 2198 1446 2262 verbis
1506 2201 1737 2281 poetae
1803 2198 2209 2264 latitantium

286 2309 557 2353 numero
605 2309 679 2352 ac
725 2286 938 2369 modo,
982 2308 1115 2350 non
1159 2286 1408 2371 placuit
1454 2308 1712 2351 movere
1762 2287 1970 2352 multo
2017 2289 2210 2373 plura

288 2399 483 2461 quam
531 2379 724 2440 antea
767 2374 1031 2440 factum.

420 2466 513 2529 At
548 2464 737 2529 valde
785 2466 1040 2527 mutata
1084 2464 1550 2549 prolegomena
1596 2463 1816 2529 recisis
1862 2465 2208 2551 plerisque,

285 2556 360 2618 ut
407 2552 499 2616 eis
548 2574 711 2635 quae
767 2553 843 2616 de
901 2551 1342 2616 imitatoribus
1388 2551 1649 2616 Horatii
1694 2556 2074 2618 notaveram
2126 2591 2203 2603 —

285 2642 447 2706 haec
512 2641 683 2705 enim
743 2638 1017 2705 Antonii
1076 2638 1426 2726 Zingerleii
1500 2644 1566 2704 et
1626 2639 1892 2705 Martini
1956 2642 2209 2707 Hertzii

285 2730 542 2794 curiosa
579 2728 920 2814 diligentia
956 2732 1070 2793 aut
1108 2729 1445 2814 complexa
1479 2728 1612 2793 iam
1641 2733 1741 2794 est
1771 2733 1883 2794 aut
1910 2732 2208 2814 pro-ximo

285 2822 581 2903 tempore
629 2817 1098 2901 complectetur
1150 2854 1224 2865 -
1275 2840 1393 2883 nec
1438 2818 1850 2901 paucioribus
1898 2819 2169 2883 additis,-

420 2905 639 2989 Atque
697 2906 856 2970 adeo
912 2906 1089 2970 vides
1147 2905 1483 2991 aliquanto
1540 2907 1758 2991 plures
1806 2907 2206 2973 coniecturas

283 2995 422 3060 sive
469 3016 646 3059 meas
696 2994 831 3059 sive
879 2994 1155 3059 aliorum
1200 2994 1334 3059 iam
1379 2996 1690 3079 probatas
1738 2995 1899 3059 mihi
1937 3000 2004 3059 et
2040 3019 2209 3061 com-

284 3084 623 3147 mendatas
655 3105 849 3166 quam
876 3082 946 3146 in
974 3082 1255 3147 editione
1287 3082 1633 3168 superiore.
1697 3081 1896 3148 Cuius
1926 3084 2021 3148 rei
2047 3084 2208 3153 haec

283 3171 412 3235 fuit
460 3192 671 3236 causa.
754 3170 1076 3236 Auctores
1125 3171 1482 3237 editionum
1529 3171 1808 3255 Horatii,
1856 3194 2022 3256 quae
2068 3177 2209 3239 tum

282 3259 610 3324 communi
649 3260 1126 3325 adhibebantur
1163 3282 1303 3344 usu,
1341 3264 1599 3325 tantum
1636 3282 1768 3325 non
1805 3281 2027 3326 omnes
2062 3285 2207 3327 cum

285 3346 746 3413 formidassent
773 3366 929 3413 cane
960 3349 1141 3434 peius
1173 3353 1238 3413 et
1269 3371 1478 3435 angue
1507 3349 1845 3413 hominum
1872 3350 2207 3416 doctorum

282 3441 651 3502 commenta
689 3441 755 3501 et
792 3437 955 3502 satis
984 3437 1370 3503 habuissent
1398 3441 1887 3523 repraesentare
1918 3439 2205 3504 codicum
