2514 3950
286 216 408 289 HL]
1085 215 1301 271 mBER
1342 217 1412 274 11.
1862 233 1875 238 -
2092 208 2219 276 235

289 378 504 442 Ausus
546 375 752 443 idem:
793 379 1045 443 tantum
1088 378 1284 443 series
1327 378 1742 463 iuncturaque
1784 380 2018 477 pollet,

290 460 569 527 Tantum
612 462 691 527 de
732 462 942 527 medio
987 462 1259 546 sumptis
1304 463 1549 528 accedit
1587 462 1869 528 honoris.

288 544 479 611 Silvis
524 546 778 612 deducti
822 550 1089 612 caveant
1128 568 1234 612 me
1276 547 1481 612 iudice
1524 547 1760 630 Fauni,

288 629 391 696 Ne
433 631 609 695 velut
650 631 857 695 innati
898 632 1103 697 triviis
1148 653 1223 696 ac
1264 653 1469 716 paene
1512 632 1799 697 forenses
2118 642 2217 693 245

288 715 424 778 Aut
448 715 717 780 nimium
760 716 996 781 teneris
1026 716 1405 781 iuvenentur
1445 716 1733 781 versibus
1762 735 2093 800 umquam,

286 799 421 862 Aut
461 799 772 864 inmunda
813 803 1076 885 crepent
1116 800 1673 886 ignominiosaque
1716 801 1915 866 dicta:

283 881 714 949 Offenduntur
736 886 928 967 enim,
959 885 1188 967 quibus
1220 887 1320 949 est
1347 906 1545 969 equus
1576 890 1641 951 et
1666 888 1850 970 pater
1878 887 1944 950 et
1970 905 2092 968 res,

286 966 424 1031 Nec
469 967 681 1050 siquid
723 968 897 1031 fricti
941 968 1164 1031 ciceris
1206 970 1441 1050 probat
1483 971 1547 1033 et
1587 970 1770 1035 nucis
1815 970 2065 1053 emptor

285 1050 528 1133 Aequis
572 1050 900 1133 accipiunt
940 1050 1170 1115 animis
1215 1051 1535 1116 donantve
1580 1073 1833 1117 corona.
2117 1063 2219 1115 250

286 1132 551 1216 Syllaba
592 1133 791 1217 longa
830 1134 1011 1198 brevi
1053 1134 1339 1200 subiecta
1379 1138 1646 1200 vocatur
1687 1136 1965 1219 iambus,

286 1215 411 1281 Pes
454 1218 650 1281 citus:
693 1217 861 1282 unde
905 1218 1099 1283 etiam
1141 1219 1448 1284 trimetris
1492 1240 1846 1285 accrescere
1888 1220 2075 1284 iussit

286 1300 544 1366 Nomen
585 1302 850 1366 iambeis
862 1351 881 1384 ‚
929 1323 1074 1367 cum
1118 1322 1309 1370 senos
1351 1303 1644 1368 redderet
1683 1304 1847 1369 ictus

286 1384 538 1449 Primus
568 1385 649 1450 ad
679 1388 1030 1450 extremum
1060 1387 1286 1450 similis
1317 1388 1472 1452 sibi:
1513 1409 1649 1452 non
1689 1388 1784 1451 ita
1814 1387 2093 1472 pridem,

287 1468 557 1534 Tardior
597 1471 672 1534 ut
711 1470 928 1553 paullo
974 1471 1352 1567 graviorque
1395 1472 1642 1536 veniret
1684 1472 1766 1535 ad
1809 1493 1993 1537 aures
2000 1520 2020 1555 ,
2119 1482 2219 1533 255

286 1552 331 1619 S
380 1554 622 1619 ondeos
666 1554 932 1619 stabiles
976 1576 1047 1619 1n
1089 1555 1230 1619 iura
1271 1558 1539 1639 paterna
1579 1557 1822 1640 recepit

344 1638 678 1703 ommodus
723 1641 789 1704 et
828 1638 1111 1723 patiens,
1155 1660 1291 1704 non
1332 1643 1406 1704 ut
1448 1641 1526 1705 de
1570 1640 1718 1705 sede
1762 1640 2042 1706 secunda

281 1721 552 1788 Cederet
596 1726 709 1787 aut
749 1726 977 1808 quarta
1020 1723 1362 1789 socialiter.
1449 1723 1576 1790 Hic
1619 1728 1685 1790 et
1725 1725 1796 1790 in
1836 1725 1989 1789 Acci

285 1806 629 1874 Nobilibus
669 1808 976 1872 trimetris
1021 1808 1289 1891 adparet
1328 1830 1538 1893 rarus,
1585 1812 1651 1874 et
1690 1808 1867 1873 Enni

285 1890 366 1956 In
408 1912 703 1955 scaenam
744 1892 977 1956 missos
1022 1913 1168 1956 cum
1208 1914 1446 1979 magno
1489 1892 1773 1978 pondere
1815 1913 2035 1958 versus
2118 1904 2220 1957 260

285 1975 424 2039 Aut
464 1995 697 2059 operae
741 1975 965 2040 celeris
1006 1977 1280 2042 nimium
1323 1999 1596 2062 curaque
1640 1978 1914 2042 carentis

286 2060 423 2123 Aut
464 2058 798 2143 ignoratae
840 2061 1076 2144 premit
1117 2063 1274 2126 artis
1319 2063 1584 2126 crimine
1634 2062 1826 2146 turpi.

286 2142 443 2208 Non
486 2143 693 2226 quivis
736 2143 912 2208 videt
952 2145 1352 2210 inmodulata
1392 2150 1689 2230 poemata
1731 2146 1954 2231 iudex,

287 2226 379 2292 Et
421 2226 571 2291 data
611 2226 923 2293 Romanis
965 2230 1216 2294 veniast
1256 2231 1524 2316 indigna
1564 2231 1792 2315 poetis.

285 2309 620 2376 Idcircone
660 2333 858 2397 vager
901 2313 1301 2398 scribamque
1343 2315 1652 2380 licenter?
1700 2336 1786 2378 an
1827 2335 2050 2379 omnes
2118 2325 2220 2377 265

288 2394 557 2461 Visuros
600 2401 866 2479 peccata
906 2401 1125 2482 putem
1168 2420 1342 2481 mea,
1386 2402 1563 2462 tutus
1607 2401 1672 2462 et
1711 2399 1884 2462 intra

285 2479 333 2545 S
381 2502 483 2545 em
524 2480 748 2544 veniae
792 2481 1058 2545 cautus?
1103 2480 1324 2547 Vitavi
1368 2481 1639 2566 denique
1682 2483 1934 2566 culpam
1943 2532 1964 2567 ,

355 2585 443 2628 on
483 2562 736 2627 laudem
780 2565 1000 2628 merui.
1085 2564 1223 2629 Vos
1269 2567 1651 2651 exemplaria
1695 2565 1939 2633 Graeca

171 2641 179 2660 ‘
288 2646 628 2712 Nocturna
669 2650 917 2712 versate
959 2670 1184 2733 manu,
1226 2654 1474 2716 versate
1517 2651 1762 2716 diurna.

287 2732 382 2796 At
421 2731 618 2796 vestri
659 2733 881 2816 proavi
924 2732 1256 2799 Plautinos
1301 2737 1366 2799 et
1406 2756 1706 2800 numeros
1751 2736 1817 2798 et
2120 2745 2222 2796 270

286 2816 656 2881 Laudavere
700 2817 865 2881 sales
877 2866 897 2901 ‚
941 2817 1211 2882 nimium
1252 2820 1570 2902 patienter
1610 2821 1979 2901 utrumque,

285 2899 390 2965 Ne
433 2901 642 2965 dicam
683 2902 906 2984 stulte,
951 2903 1201 2984 mirati,
1247 2902 1303 2965 si
1346 2902 1536 2965 modo
1580 2923 1615 2965 e
1662 2922 1700 2965 o
1747 2904 1812 2966 et
1851 2921 1968 2966 vos

288 2981 538 3050 Scimus
581 2985 965 3050 inurbanum
1008 2986 1221 3069 lepido
1259 3006 1567 3069 seponere
1659 2985 1782 3050 ‘cto
1793 3035 1812 3070 ‚

287 3068 800 3154 Legitimumque
844 3090 1073 3134 sonum
1116 3069 1339 3154 digitis
1382 3069 1684 3134 callemus
1729 3073 1796 3134 et
1837 3092 2009 3138 aure.

288 3152 594 3238 Ignotum
629 3153 919 3238 tragicae
962 3173 1167 3239 genus
1210 3153 1532 3219 invenisse
1576 3153 1894 3220 Camenae
2121 3166 2220 3218 2⁷5

287 3236 542 3302 Dicitur
586 3240 651 3302 et
690 3238 993 3321 plaustris
1035 3237 1284 3302 vexisse
1326 3241 1625 3322 poemata
1667 3239 1966 3322 Thespis,

287 3321 413 3396 Qui
457 3326 761 3385 canerent
803 3323 1195 3406 agerentque
1239 3321 1537 3404 peruncti
1578 3320 1868 3385 faecibus
1913 3340 2046 3385 ora.

288 3405 449 3470 Post
489 3404 665 3469 hunc
705 3426 1015 3489 personae
1057 3404 1395 3489 pallaeque
1437 3407 1724 3488 repertor
1767 3405 2075 3470 honestae

290 3488 646 3572 Aeschylus
692 3494 758 3554 et
797 3491 1063 3555 modicis
1107 3491 1410 3556 instravit
1451 3489 1703 3574 pulpita
1742 3489 1954 3575 ‘tignis
