2514 3950
270 198 400 253 XVI
951 199 1455 258 PROLEGOMEN
1455 204 1520 257 A.

270 361 514 406 verum.
574 342 681 406 Ab
727 342 850 407 hoc
895 364 1026 408 non
1069 345 1167 409 ita
1204 346 1483 411 multum
1523 347 1739 412 differt
1777 349 1911 414 cod.
1940 348 2190 416 Monac.

276 430 490 495 14685
552 431 746 515 (saec.
803 430 906 516 XI)
972 453 1125 516 pars
1188 454 1265 498 ea
1331 457 1525 518 quam
1581 435 1881 501 Kellerus
1949 438 2190 524 signifi-

270 519 443 581 cavit
491 518 715 583 littera
762 517 831 584 O.

402 606 501 669 Ex
548 604 827 671 Bentleii
884 608 1210 673 codicibus
1266 611 1544 675 maxime
1598 633 1717 676 nos
1773 613 2190 679 adverterunt

270 691 670 760 Graevianus
726 717 800 760 ac
845 694 1294 780 Lugdunensis
1356 702 1421 762 et
1466 699 1729 785 collegii
1782 700 2189 786 ReginensiS,

268 804 347 846 ex
391 780 638 847 Kelleri
683 782 965 847 Parisini
1006 784 1197 869 7971,
1238 786 1429 870 7974,
1469 788 1681 852 7900ει
1710 787 2186 855 Ambrosianus

269 869 342 935 Ο.
392 871 546 954 136;
593 871 703 955 qui
750 872 1007 956 quidem
1057 894 1279 938 omnes
1326 878 1478 938 sunt
1526 896 1688 941 saec.
1734 895 1810 941 lx
1854 878 1958 941 vel
2005 895 2069 942 x.

400 957 627 1043 Neque
658 959 889 1024 desunt
920 963 1231 1045 exempla,
1261 963 1374 1026 ubi
1401 963 1589 1028 unius
1621 964 1972 1030 duorumve
1992 965 2185 1030 libro·

266 1069 412 1111 rum
450 1047 734 1112 eiusdem
774 1049 1008 1113 aetatis
1050 1050 1406 1136 scripturas
1434 1052 1852 1135 praetulerim
1891 1054 2184 1120 testimo-

264 1135 391 1200 niis
431 1135 738 1221 codicum,
776 1159 936 1220 quos
976 1138 1167 1203 modo
1205 1141 1581 1225 memoravi,
1618 1141 1896 1206 maxime
1933 1142 2047 1207 ubi
2082 1144 2185 1207 vel

267 1224 410 1289 sola
480 1227 692 1289 utenti
765 1227 1017 1291 ratione
1091 1227 1305 1312 magis
1367 1228 1741 1294 viderentur
1810 1231 2185 1313 probabiles
2235 1254 2236 1257 ¹

264 1313 436 1377 illae.
525 1312 698 1377 Nam
750 1317 815 1377 et
861 1315 1180 1378 librorum
1228 1316 1422 1398 longe
1467 1316 1899 1380 recentiorum
1947 1322 2013 1381 et
2058 1318 2184 1381 edi-

265 1401 517 1466 tionum
553 1401 918 1484 principum
959 1401 1275 1483 quaedam
1311 1405 1580 1485 propter
1618 1423 1879 1466 causam
1916 1405 2183 1467 eandem

265 1493 564 1572 receptae
612 1491 766 1552 sunt
812 1510 851 1552 a
893 1488 1084 1552 nobis
1133 1489 1510 1572 scripturae.

397 1577 744 1641 Praeterea
809 1598 885 1639 ex
950 1575 1449 1640 scholiastarum
1512 1577 1897 1641 commentis
1964 1582 2183 1644 erutas
2229 1638 2233 1642 .

263 1665 614 1741 nonnullas
668 1663 1026 1748 recepimus
1079 1663 1577 1749 dittographias.
1667 1664 1758 1728 Et
1803 1687 2184 1749 persuasum

263 1753 579 1818 habemus
626 1772 817 1835 posse
863 1750 1062 1815 etiam
1110 1751 1274 1816 alias
1311 1751 1628 1837 indagari,
1675 1757 1749 1816 ut
1794 1756 2016 1818 tamen
2054 1777 2185 1820 cer-

265 1846 406 1906 tum
462 1841 549 1905 sit
600 1840 1017 1922 firmumque,
1073 1852 1210 1922 eos,
1253 1839 1315 1914 ,si
1360 1861 1682 1904 summam
1728 1860 1878 1909 rem
1914 1846 2184 1928 spectes,

262 1950 397 1994 non
419 1928 565 1994 aliis
596 1948 737 1991 esse
763 1947 917 1992 usos
946 1926 1271 2002 codicibus
1295 1949 1489 2013 quam
1510 1929 1743 2014 quibus
1771 1951 1892 1996 nos
1921 1931 2185 2016 utimur,
2261 1982 2265 1986 .

262 2038 470 2102 neque
517 2038 593 2081 ex
637 2015 838 2081 Probi
884 2020 949 2081 et
995 2017 1596 2102 antiquissimorum
1642 2019 2013 2085 criticorum
2053 2023 2184 2085 stu-

265 2106 387 2170 diis
434 2104 813 2170 Horatianis
861 2105 1211 2189 quidquam
1260 2107 1340 2171 ad
1388 2128 1497 2172 eos
1543 2129 1978 2191 permanasse.

394 2193 532 2259 Nec
569 2214 722 2257 vero
754 2194 1327 2279 grammaticorum
1358 2195 1762 2278 aliorumque
1792 2196 2181 2280 scriptorum

265 2282 376 2367 qui
412 2281 692 2347 afferunt
729 2282 927 2346 verba
962 2280 1224 2346 Horatii
1257 2282 1654 2345 testimoniis
1688 2284 1968 2346 multum
2006 2283 2182 2347 iuva-

262 2393 409 2436 mur
445 2370 514 2434 in
551 2370 701 2436 crisi
737 2369 1111 2454 factitanda,
1157 2372 1231 2433 ut
1280 2372 1594 2455 appareat
1628 2370 1761 2433 iam
1799 2368 2183 2444 Quintiliani

252 2464 555 2544 ,tempore
625 2459 892 2523 eandem
966 2457 1100 2522 fere
1164 2457 1366 2522 fuisse
1439 2456 1719 2522 formam
1784 2458 2182 2543 eundemque

234 2539 560 2614 'habitum
589 2547 948 2613 carminum
975 2544 1490 2611 Horatianorum
1519 2548 1714 2629 atque
1744 2549 1959 2611 aetate
1987 2545 2182 2612 Caro·

262 2636 524 2723 lingica.

394 2724 537 2789 Iam
590 2722 852 2789 Horatii
905 2722 1092 2785 libris
1149 2720 1284 2786 sive
1345 2721 1738 2805 explicandis
1786 2721 1920 2787 sive
1968 2745 2177 2787 emen-

264 2813 491 2878 dandis
547 2835 692 2878 cum
748 2834 787 2875 a
841 2809 1084 2874 renatis
1147 2809 1297 2873 inde
1352 2808 1593 2873 litteris
1660 2830 1921 2894 operam
1987 2832 2180 2876 nava·
2260 2865 2264 2868 .

261 2903 396 2966 rint
431 2900 714 2985 plurimi,
761 2897 1000 2963 saeculi
1035 2896 1451 2981 potissimum
1491 2896 1658 2961 sexti
1695 2897 1926 2963 decimi
1964 2899 2167 2964 docto·

261 3012 426 3073 rum,
470 2991 544 3052 ut
589 2989 750 3071 puta
785 2985 1087 3070 Fabricii,
1131 2984 1455 3070 Lambini,
1501 2983 1786 3070 Oruquii,
1832 2985 2180 3071 Torrentii,

261 3076 627 3160 Pulmanni,
672 3075 968 3158 aliorum,
1012 3073 1333 3139 industria
1379 3078 1689 3159 congesta
1727 3078 1897 3159 sunt,
1945 3076 2178 3159 quibus

262 3168 491 3251 postea
538 3163 725 3249 quasi
767 3162 1031 3248 publica
1068 3166 1133 3227 et
1171 3162 1496 3228 communi
1533 3163 1808 3227 materia
1845 3166 2179 3227 uterentur

262 3252 557 3319 litterati.
638 3251 889 3317 Horum
926 3252 1271 3337 plerosque
1313 3256 1391 3326 ut
1437 3251 1732 3316 doctrina
1776 3250 1872 3315 ita
1916 3251 2178 3336 ingenio

262 3343 458 3429 longe
533 3340 882 3407 antecessit
945 3339 1308 3423 BentleiuS,
1381 3339 1561 3404 cuius
1632 3343 1854 3403 tamen
1915 3338 2173 3403 inventa

264 3432 488 3496 statim
524 3434 678 3517 post
717 3430 968 3497 Obitum
1007 3430 1141 3495 eius
1174 3429 1416 3494 omissa
1443 3450 1559 3513 per
1586 3426 1918 3513 ignaviam
1950 3430 2179 3493 nostro
