<?xml version="1.0" encoding="UTF-8"?>
<!DOCTYPE html PUBLIC "-//W3C//DTD XHTML 1.0 Transitional//EN"
    "http://www.w3.org/TR/xhtml1/DTD/xhtml1-transitional.dtd">
<html xmlns="http://www.w3.org/1999/xhtml" xml:lang="en" lang="en">
 <head>
  <title>
</title>
<meta http-equiv="Content-Type" content="text/html;charset=utf-8" />
  <meta name='ocr-system' content='tesseract 3.04.00' />
  <meta name='ocr-capabilities' content='ocr_page ocr_carea ocr_par ocr_line ocrx_word'/>
</head>
<body>
  <div class='ocr_page' id='page_1' title='image "./carmina00horagoog_0170.png"; bbox 0 0 2514 3950; ppageno 0'>
   <div class='ocr_carea' id='block_1_1' title="bbox 321 113 2250 187">
    <p class='ocr_par' dir='ltr' id='par_1_1' title="bbox 321 113 2250 187">
     <span class='ocr_line' id='line_1_1' title="bbox 321 113 2250 187; baseline -0.004 -6"><span class='ocrx_word' id='word_1_1' title='bbox 321 117 404 181; x_wconf 84' lang='lat'><strong>78</strong></span> <span class='ocrx_word' id='word_1_2' title='bbox 1086 115 1481 172; x_wconf 56' lang='lat' dir='ltr'><strong>0233va</strong></span> <span class='ocrx_word' id='word_1_3' title='bbox 2002 113 2250 187; x_wconf 73' lang='lat' dir='ltr'><strong>[xxvu</strong></span> 
     </span>
    </p>
   </div>
   <div class='ocr_carea' id='block_1_2' title="bbox 319 278 2022 598">
    <p class='ocr_par' dir='ltr' id='par_1_2' title="bbox 319 278 2022 615">
     <span class='ocr_line' id='line_1_2' title="bbox 576 278 2022 364; baseline -0.003 -19"><span class='ocrx_word' id='word_1_4' title='bbox 576 280 749 358; x_wconf 82' lang='lat' dir='ltr'><strong>Quae</strong></span> <span class='ocrx_word' id='word_1_5' title='bbox 793 279 984 344; x_wconf 79' lang='lat' dir='ltr'><strong>simul</strong></span> <span class='ocrx_word' id='word_1_6' title='bbox 1025 281 1284 343; x_wconf 86' lang='lat' dir='ltr'><strong>centum</strong></span> <span class='ocrx_word' id='word_1_7' title='bbox 1324 278 1541 364; x_wconf 84' lang='lat' dir='ltr'><strong>tetigit</strong></span> <span class='ocrx_word' id='word_1_8' title='bbox 1581 281 1910 362; x_wconf 88' lang='lat' dir='ltr'><strong>potentem</strong></span> <span class='ocrx_word' id='word_1_9' title='bbox 2017 350 2022 353; x_wconf 43' lang='grc'><em>,</em></span> 
     </span>
     <span class='ocr_line' id='line_1_3' title="bbox 572 362 1834 464; baseline -0.003 -34"><span class='ocrx_word' id='word_1_10' title='bbox 572 364 842 464; x_wconf 77' lang='lat' dir='ltr'><strong>oppidis</strong></span> <span class='ocrx_word' id='word_1_11' title='bbox 873 362 1134 447; x_wconf 90' lang='lat' dir='ltr'><strong>Creten,</strong></span> <span class='ocrx_word' id='word_1_12' title='bbox 1180 364 1413 446; x_wconf 70' lang='lat' dir='ltr'><strong>‘pater‚</strong></span> <span class='ocrx_word' id='word_1_13' title='bbox 1460 383 1498 426; x_wconf 99' lang='lat' dir='ltr'><strong>o</strong></span> <span class='ocrx_word' id='word_1_14' title='bbox 1541 362 1834 426; x_wconf 86' lang='lat' dir='ltr'><strong>relictum</strong></span> 
     </span>
     <span class='ocr_line' id='line_1_4' title="bbox 319 445 1673 531; baseline -0.002 -19"><span class='ocrx_word' id='word_1_15' title='bbox 319 461 384 512; x_wconf 76' lang='lat'><strong>35</strong></span> <span class='ocrx_word' id='word_1_16' title='bbox 571 449 770 514; x_wconf 80' lang='lat' dir='ltr'><strong>Flhae</strong></span> <span class='ocrx_word' id='word_1_17' title='bbox 808 469 1047 513; x_wconf 88' lang='lat' dir='ltr'><strong>nomen</strong></span> <span class='ocrx_word' id='word_1_18' title='bbox 1087 447 1439 531; x_wconf 88' lang='lat' dir='ltr'><strong>pietasque’</strong></span> <span class='ocrx_word' id='word_1_19' title='bbox 1486 445 1673 529; x_wconf 83' lang='lat' dir='ltr'><strong>dixit,</strong></span> 
     </span>
     <span class='ocr_line' id='line_1_5' title="bbox 667 532 1164 598; baseline -0.003 0"><span class='ocrx_word' id='word_1_20' title='bbox 667 532 879 598; x_wconf 79' lang='lat' dir='ltr'><strong>‘Victa</strong></span> <span class='ocrx_word' id='word_1_21' title='bbox 920 532 1164 596; x_wconf 77' lang='lat' dir='ltr'><strong>furore!</strong></span> 
     </span>
    </p>
   </div>
   <div class='ocr_carea' id='block_1_3' title="bbox 320 698 1953 1038">
    <p class='ocr_par' dir='ltr' id='par_1_3' title="bbox 572 698 1953 933">
     <span class='ocr_line' id='line_1_6' title="bbox 573 698 1953 783; baseline -0.003 -16"><span class='ocrx_word' id='word_1_22' title='bbox 573 701 760 768; x_wconf 87' lang='lat' dir='ltr'><strong>Vnde</strong></span> <span class='ocrx_word' id='word_1_23' title='bbox 804 719 930 783; x_wconf 91' lang='lat' dir='ltr'><strong>quo</strong></span> <span class='ocrx_word' id='word_1_24' title='bbox 973 699 1165 765; x_wconf 81' lang='lat' dir='ltr'><strong>veni?</strong></span> <span class='ocrx_word' id='word_1_25' title='bbox 1238 698 1426 763; x_wconf 86' lang='lat' dir='ltr'><strong>Levis</strong></span> <span class='ocrx_word' id='word_1_26' title='bbox 1469 720 1598 762; x_wconf 89' lang='lat' dir='ltr'><strong>una</strong></span> <span class='ocrx_word' id='word_1_27' title='bbox 1637 720 1811 762; x_wconf 89' lang='lat' dir='ltr'><strong>mors</strong></span> <span class='ocrx_word' id='word_1_28' title='bbox 1855 703 1953 763; x_wconf 85' lang='lat' dir='ltr'><strong>est</strong></span> 
     </span>
     <span class='ocr_line' id='line_1_7' title="bbox 572 782 1925 871; baseline -0.003 -21"><span class='ocrx_word' id='word_1_29' title='bbox 572 785 916 871; x_wconf 82' lang='lat' dir='ltr'><strong>Virginum</strong></span> <span class='ocrx_word' id='word_1_30' title='bbox 959 784 1200 867; x_wconf 84' lang='lat' dir='ltr'><strong>culpae.</strong></span> <span class='ocrx_word' id='word_1_31' title='bbox 1286 782 1666 868; x_wconf 77' lang='lat' dir='ltr'><strong>vigilansne</strong></span> <span class='ocrx_word' id='word_1_32' title='bbox 1707 782 1925 866; x_wconf 77' lang='lat' dir='ltr'><strong>ploro&#39;</strong></span> 
     </span>
     <span class='ocr_line' id='line_1_8' title="bbox 750 867 1928 933; baseline -0.003 0"><span class='ocrx_word' id='word_1_33' title='bbox 750 890 785 933; x_wconf 92' lang='lat' dir='ltr'><strong>e</strong></span> <span class='ocrx_word' id='word_1_34' title='bbox 826 868 1218 933; x_wconf 74' lang='lat' dir='ltr'><strong>conmissum</strong></span> <span class='ocrx_word' id='word_1_35' title='bbox 1262 888 1347 932; x_wconf 83' lang='lat' dir='ltr'><strong>an</strong></span> <span class='ocrx_word' id='word_1_36' title='bbox 1388 867 1561 931; x_wconf 82' lang='lat' dir='ltr'><strong>vitiis</strong></span> <span class='ocrx_word' id='word_1_37' title='bbox 1608 869 1928 931; x_wconf 73' lang='lat' dir='ltr'><strong>carentem</strong></span> 
     </span>
    </p>

    <p class='ocr_par' dir='ltr' id='par_1_4' title="bbox 320 952 1114 1038">
     <span class='ocr_line' id='line_1_9' title="bbox 320 952 1114 1038; baseline -0.003 -21"><span class='ocrx_word' id='word_1_38' title='bbox 320 967 388 1017; x_wconf 75' lang='lat'><strong>40</strong></span> <span class='ocrx_word' id='word_1_39' title='bbox 668 952 861 1017; x_wconf 90' lang='lat' dir='ltr'><strong>Ludit</strong></span> <span class='ocrx_word' id='word_1_40' title='bbox 900 952 1114 1038; x_wconf 84' lang='lat' dir='ltr'><strong>imago</strong></span> 
     </span>
    </p>
   </div>
   <div class='ocr_carea' id='block_1_4' title="bbox 573 1119 1954 1489">
    <p class='ocr_par' dir='ltr' id='par_1_5' title="bbox 576 1119 1954 1205">
     <span class='ocr_line' id='line_1_10' title="bbox 576 1119 1954 1205; baseline -0.003 -19"><span class='ocrx_word' id='word_1_41' title='bbox 576 1120 791 1205; x_wconf 87' lang='lat' dir='ltr'><strong>Vana,</strong></span> <span class='ocrx_word' id='word_1_42' title='bbox 837 1142 998 1205; x_wconf 89' lang='lat' dir='ltr'><strong>quae</strong></span> <span class='ocrx_word' id='word_1_43' title='bbox 1040 1122 1231 1205; x_wconf 87' lang='lat' dir='ltr'><strong>porta</strong></span> <span class='ocrx_word' id='word_1_44' title='bbox 1274 1119 1345 1184; x_wconf 87' lang='lat' dir='ltr'><strong>fu</strong></span> <span class='ocrx_word' id='word_1_45' title='bbox 1392 1120 1529 1183; x_wconf 88' lang='lat' dir='ltr'><strong>iens</strong></span> <span class='ocrx_word' id='word_1_46' title='bbox 1574 1119 1815 1183; x_wconf 86' lang='lat' dir='ltr'><strong>eburna</strong></span> <span class='ocrx_word' id='word_1_47' title='bbox 1949 1166 1954 1169; x_wconf 91' lang='lat'>-</span> 
     </span>
    </p>

    <p class='ocr_par' dir='ltr' id='par_1_6' title="bbox 577 1203 1821 1271">
     <span class='ocr_line' id='line_1_11' title="bbox 577 1203 1821 1271; baseline -0.004 0"><span class='ocrx_word' id='word_1_48' title='bbox 577 1205 910 1271; x_wconf 82' lang='lat' dir='ltr'><strong>Somnium</strong></span> <span class='ocrx_word' id='word_1_49' title='bbox 953 1205 1171 1269; x_wconf 77' lang='lat' dir='ltr'><strong>ducit?</strong></span> <span class='ocrx_word' id='word_1_50' title='bbox 1235 1203 1342 1267; x_wconf 92' lang='lat' dir='ltr'><strong>Me</strong></span> <span class='ocrx_word' id='word_1_51' title='bbox 1375 1203 1550 1268; x_wconf 80' lang='lat' dir='ltr'><strong>&#39;usne</strong></span> <span class='ocrx_word' id='word_1_52' title='bbox 1591 1203 1821 1267; x_wconf 84' lang='lat' dir='ltr'><strong>fluctus</strong></span> 
     </span>
    </p>

    <p class='ocr_par' dir='ltr' id='par_1_7' title="bbox 573 1287 1760 1489">
     <span class='ocr_line' id='line_1_12' title="bbox 573 1287 1760 1374; baseline -0.004 -19"><span class='ocrx_word' id='word_1_53' title='bbox 573 1288 677 1355; x_wconf 91' lang='lat' dir='ltr'><strong>Ire</strong></span> <span class='ocrx_word' id='word_1_54' title='bbox 718 1312 834 1374; x_wconf 87' lang='lat' dir='ltr'><strong>per</strong></span> <span class='ocrx_word' id='word_1_55' title='bbox 875 1290 986 1353; x_wconf 93' lang='lat' dir='ltr'><strong>lon</strong></span> <span class='ocrx_word' id='word_1_56' title='bbox 1035 1309 1106 1353; x_wconf 87' lang='lat' dir='ltr'><strong>os</strong></span> <span class='ocrx_word' id='word_1_57' title='bbox 1150 1287 1304 1372; x_wconf 83' lang='lat' dir='ltr'><strong>fuit,</strong></span> <span class='ocrx_word' id='word_1_58' title='bbox 1348 1309 1433 1352; x_wconf 88' lang='lat' dir='ltr'><strong>an</strong></span> <span class='ocrx_word' id='word_1_59' title='bbox 1474 1290 1760 1352; x_wconf 80' lang='lat' dir='ltr'><strong>recentes</strong></span> 
     </span>
     <span class='ocr_line' id='line_1_13' title="bbox 669 1311 1288 1489; baseline -0.01 -49"><span class='ocrx_word' id='word_1_60' title='bbox 669 1373 943 1458; x_wconf 79' lang='lat' dir='ltr'><strong>Carpere</strong></span> <span class='ocrx_word' id='word_1_61' title='bbox 984 1311 1288 1489; x_wconf 51' lang='lat' dir='ltr'><strong>fioresl&#39;s</strong></span> 
     </span>
    </p>
   </div>
   <div class='ocr_carea' id='block_1_5' title="bbox 323 1523 1931 1673">
    <p class='ocr_par' dir='ltr' id='par_1_8' title="bbox 323 1523 1931 1673">
     <span class='ocr_line' id='line_1_14' title="bbox 323 1523 1931 1608; baseline -0.001 -20"><span class='ocrx_word' id='word_1_62' title='bbox 323 1538 389 1588; x_wconf 78' lang='lat'><strong>45</strong></span> <span class='ocrx_word' id='word_1_63' title='bbox 581 1525 791 1608; x_wconf 83' lang='lat' dir='ltr'><strong>Siquis</strong></span> <span class='ocrx_word' id='word_1_64' title='bbox 833 1524 1140 1588; x_wconf 82' lang='lat' dir='ltr'><strong>infamem</strong></span> <span class='ocrx_word' id='word_1_65' title='bbox 1182 1523 1343 1586; x_wconf 86' lang='lat' dir='ltr'><strong>mihi</strong></span> <span class='ocrx_word' id='word_1_66' title='bbox 1383 1545 1556 1588; x_wconf 91' lang='lat' dir='ltr'><strong>nunc</strong></span> <span class='ocrx_word' id='word_1_67' title='bbox 1598 1523 1931 1588; x_wconf 84' lang='lat' dir='ltr'><strong>iuvencum</strong></span> 
     </span>
     <span class='ocr_line' id='line_1_15' title="bbox 575 1607 1749 1673; baseline -0.003 0"><span class='ocrx_word' id='word_1_68' title='bbox 575 1608 785 1673; x_wconf 91' lang='lat' dir='ltr'><strong>Dedat</strong></span> <span class='ocrx_word' id='word_1_69' title='bbox 825 1609 1050 1672; x_wconf 84' lang='lat' dir='ltr'><strong>iratae!</strong></span> <span class='ocrx_word' id='word_1_70' title='bbox 1117 1607 1425 1672; x_wconf 82' lang='lat' dir='ltr'><strong>Lacerare</strong></span> <span class='ocrx_word' id='word_1_71' title='bbox 1468 1608 1636 1672; x_wconf 86' lang='lat' dir='ltr'><strong>ferro</strong></span> <span class='ocrx_word' id='word_1_72' title='bbox 1683 1609 1749 1672; x_wconf 91' lang='lat' dir='ltr'><strong>et</strong></span> 
     </span>
    </p>
   </div>
   <div class='ocr_carea' id='block_1_6' title="bbox 575 1689 1933 1843">
    <p class='ocr_par' dir='ltr' id='par_1_9' title="bbox 575 1689 1933 1843">
     <span class='ocr_line' id='line_1_16' title="bbox 575 1689 1933 1777; baseline -0.003 -21"><span class='ocrx_word' id='word_1_73' title='bbox 575 1692 898 1777; x_wconf 83' lang='lat' dir='ltr'><strong>Frangere</strong></span> <span class='ocrx_word' id='word_1_74' title='bbox 941 1692 1147 1756; x_wconf 82' lang='lat' dir='ltr'><strong>enitar</strong></span> <span class='ocrx_word' id='word_1_75' title='bbox 1186 1692 1379 1756; x_wconf 92' lang='lat' dir='ltr'><strong>modo</strong></span> <span class='ocrx_word' id='word_1_76' title='bbox 1422 1691 1694 1756; x_wconf 84' lang='lat' dir='ltr'><strong>multum</strong></span> <span class='ocrx_word' id='word_1_77' title='bbox 1737 1689 1933 1754; x_wconf 87' lang='lat' dir='ltr'><strong>amati</strong></span> 
     </span>
     <span class='ocr_line' id='line_1_17' title="bbox 671 1775 1257 1843; baseline -0.005 0"><span class='ocrx_word' id='word_1_78' title='bbox 671 1775 928 1843; x_wconf 83' lang='lat' dir='ltr'><strong>Cornua</strong></span> <span class='ocrx_word' id='word_1_79' title='bbox 967 1776 1257 1841; x_wconf 87' lang='lat' dir='ltr'><strong>monstri.</strong></span> 
     </span>
    </p>
   </div>
   <div class='ocr_carea' id='block_1_7' title="bbox 323 1927 1993 2248">
    <p class='ocr_par' dir='ltr' id='par_1_10' title="bbox 323 1927 1993 2248">
     <span class='ocr_line' id='line_1_18' title="bbox 576 1927 1730 2013; baseline -0.002 -19"><span class='ocrx_word' id='word_1_80' title='bbox 576 1927 901 2013; x_wconf 87' lang='lat' dir='ltr'><strong>Inpudens</strong></span> <span class='ocrx_word' id='word_1_81' title='bbox 945 1927 1103 2012; x_wconf 85' lang='lat' dir='ltr'><strong>liqui</strong></span> <span class='ocrx_word' id='word_1_82' title='bbox 1143 1928 1387 2012; x_wconf 86' lang='lat' dir='ltr'><strong>patrios</strong></span> <span class='ocrx_word' id='word_1_83' title='bbox 1430 1928 1700 1993; x_wconf 78' lang='lat' dir='ltr'><strong>Penates</strong></span> <span class='ocrx_word' id='word_1_84' title='bbox 1711 1975 1730 2011; x_wconf 89' lang='lat'><em>‚</em></span> 
     </span>
     <span class='ocr_line' id='line_1_19' title="bbox 323 2011 1907 2099; baseline -0.001 -23"><span class='ocrx_word' id='word_1_85' title='bbox 323 2028 391 2077; x_wconf 84' lang='lat'><strong>5⁰</strong></span> <span class='ocrx_word' id='word_1_86' title='bbox 575 2014 902 2099; x_wconf 89' lang='lat' dir='ltr'><strong>Inpudens</strong></span> <span class='ocrx_word' id='word_1_87' title='bbox 947 2012 1181 2078; x_wconf 89' lang='lat' dir='ltr'><strong>Orcum</strong></span> <span class='ocrx_word' id='word_1_88' title='bbox 1222 2033 1457 2077; x_wconf 87' lang='lat' dir='ltr'><strong>moror.</strong></span> <span class='ocrx_word' id='word_1_89' title='bbox 1547 2012 1601 2077; x_wconf 92' lang='lat' dir='ltr'>O</span> <span class='ocrx_word' id='word_1_90' title='bbox 1648 2011 1907 2076; x_wconf 87' lang='lat' dir='ltr'><strong>deorum</strong></span> 
     </span>
     <span class='ocr_line' id='line_1_20' title="bbox 579 2096 1993 2181; baseline -0.004 -18"><span class='ocrx_word' id='word_1_91' title='bbox 579 2097 792 2181; x_wconf 87' lang='lat' dir='ltr'><strong>Siquis</strong></span> <span class='ocrx_word' id='word_1_92' title='bbox 834 2097 992 2162; x_wconf 88' lang='lat' dir='ltr'><strong>haec</strong></span> <span class='ocrx_word' id='word_1_93' title='bbox 1035 2096 1244 2180; x_wconf 80' lang='lat' dir='ltr'><strong>audie,</strong></span> <span class='ocrx_word' id='word_1_94' title='bbox 1290 2097 1536 2161; x_wconf 85' lang='lat' dir='ltr'><strong>utinam</strong></span> <span class='ocrx_word' id='word_1_95' title='bbox 1578 2096 1746 2160; x_wconf 89' lang='lat' dir='ltr'><strong>inter</strong></span> <span class='ocrx_word' id='word_1_96' title='bbox 1789 2116 1993 2159; x_wconf 90' lang='lat' dir='ltr'><strong>errem</strong></span> 
     </span>
     <span class='ocr_line' id='line_1_21' title="bbox 668 2181 1381 2248; baseline -0.007 0"><span class='ocrx_word' id='word_1_97' title='bbox 668 2181 861 2248; x_wconf 90' lang='lat' dir='ltr'><strong>Nuda</strong></span> <span class='ocrx_word' id='word_1_98' title='bbox 900 2182 1137 2245; x_wconf 78' lang='lat' dir='ltr'><strong>leones,</strong></span> <span class='ocrx_word' id='word_1_99' title='bbox 1377 2200 1381 2205; x_wconf 88' lang='lat'>·</span> 
     </span>
    </p>
   </div>
   <div class='ocr_carea' id='block_1_8' title="bbox 324 2330 1805 2670">
    <p class='ocr_par' dir='ltr' id='par_1_11' title="bbox 577 2330 1805 2500">
     <span class='ocr_line' id='line_1_22' title="bbox 577 2330 1805 2417; baseline 0 -20"><span class='ocrx_word' id='word_1_100' title='bbox 577 2335 943 2416; x_wconf 86' lang='lat' dir='ltr'><strong>Antequam</strong></span> <span class='ocrx_word' id='word_1_101' title='bbox 983 2333 1187 2417; x_wconf 84' lang='lat' dir='ltr'><strong>turpis</strong></span> <span class='ocrx_word' id='word_1_102' title='bbox 1229 2332 1465 2397; x_wconf 85' lang='lat' dir='ltr'><strong>macies</strong></span> <span class='ocrx_word' id='word_1_103' title='bbox 1509 2330 1805 2400; x_wconf 81' lang='lat' dir='ltr'><strong>decentes</strong></span> 
     </span>
     <span class='ocr_line' id='line_1_23' title="bbox 581 2415 1760 2500; baseline 0.001 -19"><span class='ocrx_word' id='word_1_104' title='bbox 581 2415 865 2499; x_wconf 79' lang='lat' dir='ltr'><strong>Occupet</strong></span> <span class='ocrx_word' id='word_1_105' title='bbox 905 2417 1104 2481; x_wconf 89' lang='lat' dir='ltr'><strong>malas</strong></span> <span class='ocrx_word' id='word_1_106' title='bbox 1146 2420 1529 2500; x_wconf 88' lang='lat' dir='ltr'><strong>teneraeque</strong></span> <span class='ocrx_word' id='word_1_107' title='bbox 1572 2437 1760 2482; x_wconf 85' lang='lat' dir='ltr'><strong>sucus</strong></span> 
     </span>
    </p>

    <p class='ocr_par' dir='ltr' id='par_1_12' title="bbox 324 2499 1787 2670">
     <span class='ocr_line' id='line_1_24' title="bbox 324 2499 1787 2585; baseline 0 -20"><span class='ocrx_word' id='word_1_108' title='bbox 324 2514 390 2565; x_wconf 82' lang='lat'><strong>55</strong></span> <span class='ocrx_word' id='word_1_109' title='bbox 583 2499 837 2564; x_wconf 88' lang='lat' dir='ltr'><strong>Defluat</strong></span> <span class='ocrx_word' id='word_1_110' title='bbox 876 2500 1176 2585; x_wconf 86' lang='lat' dir='ltr'><strong>praedae,</strong></span> <span class='ocrx_word' id='word_1_111' title='bbox 1222 2502 1512 2585; x_wconf 88' lang='lat' dir='ltr'><strong>speciosa</strong></span> <span class='ocrx_word' id='word_1_112' title='bbox 1556 2520 1787 2585; x_wconf 84' lang='lat' dir='ltr'><strong>quaero</strong></span> 
     </span>
     <span class='ocr_line' id='line_1_25' title="bbox 670 2582 1741 2670; baseline 0.004 -22"><span class='ocrx_word' id='word_1_113' title='bbox 670 2582 940 2649; x_wconf 89' lang='lat' dir='ltr'><strong>Pascere</strong></span> <span class='ocrx_word' id='word_1_114' title='bbox 978 2585 1200 2670; x_wconf 86' lang='lat' dir='ltr'><strong>tigres.</strong></span> <span class='ocrx_word' id='word_1_115' title='bbox 1733 2592 1741 2603; x_wconf 92' lang='lat'><em>&#39;</em></span> 
     </span>
    </p>
   </div>
   <div class='ocr_carea' id='block_1_9' title="bbox 327 2734 1995 3055">
    <p class='ocr_par' dir='ltr' id='par_1_13' title="bbox 495 2734 1995 2969">
     <span class='ocr_line' id='line_1_26' title="bbox 495 2734 1875 2821; baseline -0.006 -20"><span class='ocrx_word' id='word_1_116' title='bbox 495 2750 502 2757; x_wconf 84' lang='grc'><strong>’</strong></span> <span class='ocrx_word' id='word_1_117' title='bbox 578 2735 744 2801; x_wconf 89' lang='lat' dir='ltr'><strong>Vilis</strong></span> <span class='ocrx_word' id='word_1_118' title='bbox 787 2735 1073 2821; x_wconf 83' lang='lat' dir='ltr'><strong>Europe,</strong></span> <span class='ocrx_word' id='word_1_119' title='bbox 1117 2739 1300 2820; x_wconf 87' lang='lat' dir='ltr'><strong>pater</strong></span> <span class='ocrx_word' id='word_1_120' title='bbox 1341 2737 1574 2821; x_wconf 89' lang='lat' dir='ltr'><strong>urguet</strong></span> <span class='ocrx_word' id='word_1_121' title='bbox 1613 2734 1875 2797; x_wconf 84' lang='lat' dir='ltr'><strong>absens:</strong></span> 
     </span>
     <span class='ocr_line' id='line_1_27' title="bbox 580 2814 1995 2896; baseline -0.007 -11"><span class='ocrx_word' id='word_1_122' title='bbox 580 2820 746 2896; x_wconf 82' lang='lat' dir='ltr'><strong>Quid</strong></span> <span class='ocrx_word' id='word_1_123' title='bbox 788 2820 952 2884; x_wconf 93' lang='lat' dir='ltr'><strong>mori</strong></span> <span class='ocrx_word' id='word_1_124' title='bbox 996 2820 1247 2885; x_wconf 82' lang='lat' dir='ltr'><strong>cessas?</strong></span> <span class='ocrx_word' id='word_1_125' title='bbox 1314 2820 1507 2885; x_wconf 82' lang='lat' dir='ltr'><strong>Potes</strong></span> <span class='ocrx_word' id='word_1_126' title='bbox 1548 2819 1669 2880; x_wconf 89' lang='lat' dir='ltr'><strong>hac</strong></span> <span class='ocrx_word' id='word_1_127' title='bbox 1712 2814 1793 2878; x_wconf 84' lang='lat' dir='ltr'><strong>ab</strong></span> <span class='ocrx_word' id='word_1_128' title='bbox 1836 2833 1995 2877; x_wconf 90' lang='lat' dir='ltr'><strong>orno</strong></span> 
     </span>
     <span class='ocr_line' id='line_1_28' title="bbox 578 2900 1817 2969; baseline -0.004 -1"><span class='ocrx_word' id='word_1_129' title='bbox 578 2902 936 2969; x_wconf 89' lang='lat' dir='ltr'><strong>Pendulum</strong></span> <span class='ocrx_word' id='word_1_130' title='bbox 977 2926 1141 2969; x_wconf 88' lang='lat' dir='ltr'><strong>zona</strong></span> <span class='ocrx_word' id='word_1_131' title='bbox 1182 2905 1345 2969; x_wconf 89' lang='lat' dir='ltr'><strong>bene</strong></span> <span class='ocrx_word' id='word_1_132' title='bbox 1393 2906 1458 2967; x_wconf 81' lang='lat' dir='ltr'><strong>te</strong></span> <span class='ocrx_word' id='word_1_133' title='bbox 1501 2900 1717 2965; x_wconf 85' lang='lat' dir='ltr'><strong>secuta</strong></span> <span class='ocrx_word' id='word_1_134' title='bbox 1760 2918 1817 2963; x_wconf 85' lang='lat' dir='ltr'><strong>e·</strong></span> 
     </span>
    </p>

    <p class='ocr_par' dir='ltr' id='par_1_14' title="bbox 327 2987 1168 3055">
     <span class='ocr_line' id='line_1_29' title="bbox 327 2987 1168 3055; baseline 0.001 -4"><span class='ocrx_word' id='word_1_135' title='bbox 327 3003 396 3051; x_wconf 82' lang='lat'><strong>60</strong></span> <span class='ocrx_word' id='word_1_136' title='bbox 673 2987 871 3053; x_wconf 91' lang='lat' dir='ltr'><strong>lidere</strong></span> <span class='ocrx_word' id='word_1_137' title='bbox 915 2989 1168 3055; x_wconf 91' lang='lat' dir='ltr'><strong>collum.</strong></span> 
     </span>
    </p>
   </div>
   <div class='ocr_carea' id='block_1_10' title="bbox 455 3135 1771 3475">
    <p class='ocr_par' dir='ltr' id='par_1_15' title="bbox 455 3135 1771 3390">
     <span class='ocr_line' id='line_1_30' title="bbox 455 3135 1582 3224; baseline -0.006 -19"><span class='ocrx_word' id='word_1_138' title='bbox 455 3175 463 3182; x_wconf 94' lang='lat'><strong>·</strong></span> <span class='ocrx_word' id='word_1_139' title='bbox 579 3140 727 3205; x_wconf 81' lang='lat' dir='ltr'><strong>Sive</strong></span> <span class='ocrx_word' id='word_1_140' title='bbox 769 3143 834 3204; x_wconf 82' lang='lat' dir='ltr'><strong>te</strong></span> <span class='ocrx_word' id='word_1_141' title='bbox 875 3161 1065 3224; x_wconf 89' lang='lat' dir='ltr'><strong>rupes</strong></span> <span class='ocrx_word' id='word_1_142' title='bbox 1109 3142 1175 3204; x_wconf 88' lang='lat' dir='ltr'><strong>et</strong></span> <span class='ocrx_word' id='word_1_143' title='bbox 1216 3139 1404 3203; x_wconf 86' lang='lat' dir='ltr'><strong>acuta</strong></span> <span class='ocrx_word' id='word_1_144' title='bbox 1454 3135 1582 3200; x_wconf 90' lang='lat' dir='ltr'><strong>leto</strong></span> 
     </span>
     <span class='ocr_line' id='line_1_31' title="bbox 583 3217 1771 3307; baseline -0.005 -18"><span class='ocrx_word' id='word_1_145' title='bbox 583 3222 750 3289; x_wconf 83' lang='lat' dir='ltr'><strong>Saxa</strong></span> <span class='ocrx_word' id='word_1_146' title='bbox 792 3224 1139 3307; x_wconf 88' lang='lat' dir='ltr'><strong>delectant,</strong></span> <span class='ocrx_word' id='word_1_147' title='bbox 1184 3242 1304 3306; x_wconf 85' lang='lat' dir='ltr'><strong>age</strong></span> <span class='ocrx_word' id='word_1_148' title='bbox 1347 3223 1414 3286; x_wconf 89' lang='lat' dir='ltr'><strong>te</strong></span> <span class='ocrx_word' id='word_1_149' title='bbox 1455 3217 1771 3305; x_wconf 87' lang='lat' dir='ltr'><strong>procellae</strong></span> 
     </span>
     <span class='ocr_line' id='line_1_32' title="bbox 581 3302 1678 3390; baseline -0.002 -18"><span class='ocrx_word' id='word_1_150' title='bbox 581 3306 783 3373; x_wconf 85' lang='lat' dir='ltr'><strong>Crede</strong></span> <span class='ocrx_word' id='word_1_151' title='bbox 824 3308 1056 3390; x_wconf 83' lang='lat' dir='ltr'><strong>veloci,</strong></span> <span class='ocrx_word' id='word_1_152' title='bbox 1100 3305 1229 3370; x_wconf 86' lang='lat' dir='ltr'><strong>nisi</strong></span> <span class='ocrx_word' id='word_1_153' title='bbox 1273 3305 1424 3372; x_wconf 89' lang='lat' dir='ltr'><strong>erile</strong></span> <span class='ocrx_word' id='word_1_154' title='bbox 1466 3302 1678 3384; x_wconf 41' lang='lat' dir='ltr'><strong>mavis,</strong></span> 
     </span>
    </p>

    <p class='ocr_par' dir='ltr' id='par_1_16' title="bbox 502 3390 1267 3475">
     <span class='ocr_line' id='line_1_33' title="bbox 502 3390 1267 3475; baseline -0.005 -18"><span class='ocrx_word' id='word_1_155' title='bbox 502 3396 509 3402; x_wconf 87' lang='grc'><strong>’</strong></span> <span class='ocrx_word' id='word_1_156' title='bbox 675 3390 948 3475; x_wconf 82' lang='lat' dir='ltr'><strong>Carpere</strong></span> <span class='ocrx_word' id='word_1_157' title='bbox 996 3410 1267 3474; x_wconf 85' lang='lat' dir='ltr'><strong>pensum</strong></span> 
     </span>
    </p>
   </div>
  </div>
 </body>
</html>
