2514 3950
349 174 476 241 220
1059 175 1574 234 amsmmvm
2216 173 2287 246 [1.

476 342 777 425 Securus,
823 340 1011 406 cadat
1050 362 1134 405 an
1171 341 1345 404 recto
1391 340 1517 402 stet
1557 336 1776 400 fabula
1815 335 1971 401 talo.

474 426 678 501 Quem
719 426 871 490 tulit
913 425 995 490 ad
1037 444 1335 490 scaenam
1376 423 1643 487 ventoso
1689 419 1911 485 Gloria
1953 441 2172 504 curru,

472 509 819 576 Exanimat
859 510 1071 575 lentus
1113 509 1462 593 spectator,
1508 504 1763 570 sedulus
1805 504 2019 569 inflat:

474 593 580 660 Sic
601 596 758 678 leve,
779 595 872 659 sic
898 594 1246 678 parvumst,
1278 591 1564 655 animum
1586 587 1758 673 quod
1784 588 1993 652 laudis
2016 608 2283 653 avarum

351 691 447 743 180
477 678 739 744 Subruit
780 680 891 742 aut
929 677 1152 742 reficit.
1239 674 1468 741 Valeat
1510 694 1613 739 res
1657 672 1930 737 ludicra:
1975 673 2034 737 si
2073 693 2178 736 me

471 763 694 828 Palma
734 764 973 846 negata
1022 781 1338 843 macrum,
1394 759 1632 823 donata
1680 756 1927 822 reducit
1968 756 2283 840 opimum.

472 846 675 930 Saepe
705 846 897 909 etiam
926 845 1228 910 audacem
1256 844 1443 941 fugat
1468 842 1594 907 hoc
1634 843 1954 925 terretque
1995 843 2281 938 poetam,

473 929 658 1005 Quod
699 950 966 994 numero
1009 929 1253 1012 plures,
1300 929 1536 993 vu‘tute
1569 929 1635 990 et
1674 924 1918 990 honore
1961 945 2280 1008 minores,

471 1012 724 1078 Indocti
766 1013 1109 1098 stolidique
1149 1015 1217 1078 ct
1260 1012 1336 1077 de
1382 1032 1626 1097 ugnare
1669 1009 1905 1093 parati,

350 1109 445 1160 185
476 1096 547 1163 si
589 1097 909 1162 discordet
949 1119 1171 1182 eques,
1216 1118 1320 1162 me
1371 1098 1428 1162 'a
1468 1096 1637 1161 inter
1678 1094 1960 1159 carmina
1998 1096 2284 1177 poscunt

471 1183 609 1246 Aut
633 1203 854 1247 ursum
881 1183 994 1246 aut
1018 1182 1300 1267 pugiles:
1328 1182 1431 1246 his
1458 1201 1612 1248 nam
1658 1178 1990 1277 plebecula
2014 1176 2278 1261 gaudet.

472 1265 713 1332 Verum
777 1266 1010 1349 equitis
1085 1286 1335 1349 quoque
1412 1265 1540 1329 iam
1602 1262 1904 1411 wt
1976 1261 2056 1326 ab
2122 1282 2282 1325 aure

1561 1368 1642 1413 vo
1669 1370 1712 1412 u

474 1433 700 1498 Omnis
743 1433 825 1498 ad
863 1434 1146 1498 incertos
1189 1434 1410 1498 oculos
1455 1434 1522 1497 et
1561 1453 1689 1517 gau
1738 1432 1796 1495 'a
1835 1451 2016 1495 vana.

471 1516 786 1593 Quattuor
828 1520 942 1583 aut
981 1518 1196 1600 plures
1239 1517 1461 1582 aulaea
1506 1517 1882 1600 premuntur
1936 1515 2006 1579 in
2057 1512 2281 1602 horas,

348 1613 445 1664 190
472 1600 645 1665 Dum
673 1601 743 1665 fu
794 1600 933 1664 ‘unt
954 1600 1238 1684 equitum
1257 1603 1505 1664 turmae
1525 1599 1934 1684 peditumque
1953 1600 2281 1685 catervae3

469 1684 625 1748 Mox
818 1684 942 1748 'tur
983 1684 1279 1748 manibus
1318 1704 1544 1769 regum
1585 1684 1843 1749 fortuna
1882 1682 2174 1766 retortis,

467 1767 715 1832 Esseda
754 1767 1095 1851 fesffinant,
1138 1768 1412 1852 pilenta,
1455 1768 1788 1852 petorrita,
1830 1787 2059 1850 naves,

470 1851 809 1936 Captivum
849 1855 1146 1937 portatur
1186 1854 1373 1937 ebur,
1418 1852 1670 1937 captiva
1713 1850 2076 1916 Corinthus.

470 1934 539 2002 Si
581 1936 751 2002 foret
792 1937 862 2003 in
902 1938 1124 2022 terrie,
1167 1937 1405 2003 rideret
1445 1935 1882 2019 Democritus,
1927 1954 2038 2000 seu

346 2033 441 2085 195
470 2019 809 2087 Diversum
851 2023 1121 2087 confusa
1160 2044 1365 2108 genus
1407 2021 1719 2106 panthera
1761 2019 2003 2085 camelo

468 2104 616 2171 Sive
660 2105 919 2190 elephas
963 2106 1144 2171 albus
1187 2106 1366 2203 volgi
1409 2106 1806 2170 converteret
1847 2125 1984 2187 ora;

464 2187 800 2336 {pecta-et
839 2210 923 2272 po
969 2189 1147 2254 ulum
1190 2189 1359 2254 ludis
1403 2189 1706 2254 attentius
1749 2188 1906 2272 ipsis
1922 2236 1938 2262 .

528 2275 558 2336 t
598 2271 722 2337 sibi
762 2293 917 2356 prae
962 2276 1175 2338 entem
1216 2274 1419 2338 m’mio
1463 2272 1824 2356 spectacula
1908 2271 2074 2353 lura,

465 2354 820 2441 Scriptores
865 2360 1080 2422 autem
1120 2378 1382 2422 narrare
1422 2359 1680 2441 putaret
1720 2376 1827 2421 ase
1878 2376 1917 2419 o

338 2453 439 2502 200
467 2439 796 2505 Fabellam
840 2441 1049 2506 surde.
1136 2441 1308 2508 Nam
1353 2462 1513 2525 quae
1553 2441 1921 2525 pervincere
1962 2459 2152 2504 voces

463 2523 774 2588 Evalucre
817 2545 1077 2608 sonum,
1129 2526 1418 2590 referunt
1471 2546 1659 2609 quem
1698 2526 1922 2589 nostra
1969 2522 2276 2590 theatra?

467 2606 834 2692 Garganum
860 2609 1109 2692 mugire
1150 2613 1337 2693 putes
1375 2631 1600 2675 nemus
1627 2611 1739 2674 aut
1763 2628 1937 2672 mare
1966 2606 2277 2694 Tuscum,

462 2690 671 2756 Tanto
717 2712 863 2757 cum
906 2693 1177 2776 strepitu
1217 2692 1354 2757 ludi
1397 2696 1766 2790 spectantur
1808 2694 1873 2757 et
1913 2693 2082 2756 artes

462 2775 866 2860 Divitiaeque
899 2776 1310 2876 peregrinae,
1356 2776 1582 2859 qulbus
1627 2776 1861 2842 oblitus
1904 2778 2081 2841 actor

333 2871 434 2922 205
464 2859 628 2925 Cum
671 2862 852 2926 stetit
892 2883 964 2926 in
1006 2882 1263 2944 scaena,
1317 2861 1637 2926 concurrit
1679 2860 1937 2925 dextera
1978 2860 2223 2927 laevae.

457 2943 641 3008 Dixit
668 2945 875 3010 adhuc
904 2945 1187 3029 aliquid?
1227 2944 1366 3011 Nil
1396 2965 1568 3010 sane.
1622 2944 1788 3021 Quid
1814 2944 2028 3029 placet
2055 2946 2272 3030 ergo?

457 3027 636 3092 Lana
678 3028 1026 3092 Tarentino
1069 3029 1274 3093 violas
1315 3028 1563 3094 imitata
1602 3050 1867 3095 veneno·

457 3112 556 3176 Ac
598 3132 682 3176 ne
723 3111 892 3177 forte
931 3114 1117 3196 putes
1159 3134 1296 3197 me,
1339 3134 1498 3196 quae
1539 3113 1747 3179 facere
1785 3114 1923 3210 ipse
1949 3133 2276 3200 recusem,

460 3194 624 3261 Cum
664 3199 834 3261 recte
878 3199 1156 3262 tractent
1197 3198 1335 3279 alii,
1379 3198 1636 3262 laudare
1678 3198 1989 3282 mahgne:

331 3291 433 3342 210
460 3279 579 3344 Ille
618 3302 736 3364 per
778 3284 1107 3346 extentum
1144 3280 1365 3347 funem
1408 3281 1568 3347 mihi
1609 3303 1798 3366 posse
1837 3280 2089 3346 videtur

455 3363 560 3427 Ire
601 3367 817 3449 poeta,
860 3387 1073 3430 meum
1103 3386 1225 3515 ³21
1266 3369 1489 3451 pectus
1532 3366 1808 3431 inaniter
1848 3364 2058 3449 angit,

455 3445 691 3513 Inritat
701 3496 723 3532 ,
765 3449 1032 3535 mulcet,
1074 3448 1109 3515 f
1198 3450 1255 3516 is
1298 3449 1646 3516 terroribus
1688 3449 1921 3534 inplet,
