2514 3950
251 136 376 209 1111.]

1007 134 1222 190 LIBER.
1265 134 1364 191 111.

1101 316 1268 390 ml.

482 448 813 515 Descende
857 448 1030 513 caelo
1077 450 1141 511 et
1183 447 1287 511 dic
1330 468 1450 533 age
1489 446 1647 511 tibia

481 534 577 599 Re
629 535 644 549 ⁶
695 556 734 598 a
775 534 1045 619 longum
1088 530 1379 629 Calliope
1421 533 1650 615 melos,

622 641 701 683 eu
741 638 897 683 voce
938 637 1111 680 nunc
1152 637 1357 680 mavis
1401 619 1613 699 acuta,

677 701 802 767 Seu
845 701 1076 766 fidibus
1121 700 1487 784 citharaque
1530 700 1797 766 Phoebi.

481 837 767 919 Auditis,
812 858 897 901 an
937 859 1040 901 me
1083 835 1247 900 ludit
1290 835 1582 899 amabilis

483 920 786 985 Insania?
873 921 1114 985 Audire
1159 922 1224 983 et
1265 919 1485 983 videor
1526 919 1666 1003 pios

576 1004 809 1068 Errare
851 1025 966 1086 per
1007 1004 1214 1085 lucos,
1262 1024 1564 1066 amoenae

681 1086 854 1161 Quos
901 1087 964 1149 et
1007 1105 1207 1168 aquae
1252 1087 1527 1150 subeunt
1569 1091 1634 1150 et
1676 1107 1883 1151 aurae.

488 1220 595 1284 Me
636 1209 967 1284 fabulosae
1010 1218 1280 1284 Volture
1323 1220 1394 1283 in
1434 1219 1648 1302 Apulo

485 1305 749 1369 Altricis
794 1307 973 1369 extra
1015 1304 1214 1368 limen
1254 1307 1299 1386 †
1317 1303 1593 1388 Apuliae

577 1388 757 1453 Ludo
800 1389 1267 1474 fatigatumque
1309 1409 1534 1453 somno

678 1472 931 1538 Fronde
975 1494 1145 1538 nova
1185 1495 1454 1557 puerum
1494 1473 1826 1557 palumbes

482 1607 723 1673 Texere
733 1657 752 1691 ,
795 1609 1028 1673 mirum
1073 1608 1242 1692 quod
1285 1608 1454 1673 foret
1496 1609 1792 1673 omnibus
1802 1658 1821 1691 ‚

486 1691 879 1775 Quicumque
924 1694 1129 1757 celsae
1172 1692 1395 1757 nidum
1437 1692 1863 1757 Acherontiae

580 1775 917 1860 Saltusque
960 1776 1276 1840 Bantinos
1320 1778 1385 1840 et
1427 1798 1649 1840 arvum

679 1860 927 1944 Pingue
968 1862 1194 1923 tenent
1232 1859 1494 1922 humilis
1537 1860 1829 1943 Forenti,

486 1993 581 2058 Vt
619 1996 760 2057 tuto
806 1993 887 2056 ab
932 1994 1086 2056 atris
1132 2014 1397 2076 corpore
1440 1993 1673 2075 viperis

488 2075 850 2141 Dormirem
895 2079 959 2140 et
1000 2077 1191 2159 ursis,
1236 2079 1311 2140 ut
1351 2097 1672 2160 premerer
1715 2098 1894 2142 sacra
1925 2059 1928 2060 ⁷

580 2161 914 2244 Lauroque
959 2161 1334 2244 conlataque
1377 2163 1585 2243 myrto
1592 2209 1615 2257 2

685 2245 839 2311 Non
883 2244 1020 2309 sine
1067 2243 1163 2308 dis
1206 2245 1533 2308 animosus
1585 2245 1817 2310 infans,

487 2378 745 2464 Vester,
791 2379 1138 2463 Camenae,
1182 2383 1393 2444 vester
1435 2379 1505 2443 in
1545 2380 1774 2444 arduos

488 2462 709 2528 Tollor
752 2463 1051 2547 Sabinos,
1097 2485 1209 2528 seu
1249 2462 1410 2526 mihi
1452 2464 1758 2549 frigidum

580 2547 924 2611 Praeneste
969 2569 1080 2611 seu
1123 2546 1323 2612 Tibur
1366 2548 1663 2632 supinum

685 2631 811 2695 Seu
852 2631 1129 2715 liquidae
1172 2632 1467 2716 placuere
1509 2630 1727 2697 Baiae.

487 2765 736 2831 Vestris
782 2767 1057 2831 amicum
1106 2766 1393 2831 fontibus
1438 2769 1503 2831 et
1545 2766 1757 2831 choris

487 2848 640 2915 Non
682 2872 785 2914 me
827 2850 1143 2935 Philippis
1186 2872 1373 2914 versa
1417 2850 1584 2913 acies
1626 2852 1797 2913 retro
1809 2898 1829 2933 ‚

501 2957 505 2961 ·
580 2933 833 2999 Devota
872 2955 1009 2998 non
1052 2935 1325 2997 extinxit
1370 2934 1587 3016 arbos,

679 3017 820 3082 Nec
864 3017 1077 3083 Sicula
1117 3017 1455 3081 Palinurus
1497 3017 1688 3082 unda.

487 3152 847 3236 Vtcumque
889 3172 1139 3217 mecum
1180 3173 1295 3217 vos
1340 3152 1514 3218 eritis
1528 3202 1546 3233 ‚
1590 3153 1797 3217 libens

489 3236 926 3301 Insanientem
966 3237 1183 3301 navita
1225 3235 1629 3321 Bosphorum

581 3320 936 3419 Temptabo
982 3323 1047 3385 et
1086 3323 1344 3386 urentes
1388 3341 1614 3385 arenas

681 3404 917 3471 Litoris
960 3405 1212 3490 Assyrii
1256 3406 1493 3489 viator3

2006 1317 2163 1392 Διο

2099 1788 2163 1837 15

2096 2259 2165 2308 20

2098 2781 2167 2829 25

2100 3252 2169 3301 30
