2514 3950
287 203 347 275 L]
1083 198 1301 253 LIBER
1342 198 1412 254 11.
2075 191 2199 257 221

286 363 370 428 Vt
395 383 641 447 magus,
674 363 740 426 et
765 359 956 425 modo
986 380 1089 424 me
1115 358 1352 423 Thebis
1372 359 1563 423 modo
1579 358 1766 443 ponit
1781 359 2073 424 Athenis.

286 446 518 511 Verum
561 467 679 531 age
723 447 789 509 et
829 444 959 527 his,
1006 444 1116 528 qui
1159 465 1226 508 se
1270 443 1495 508 lectori
1537 442 1789 507 credere
1830 444 2077 508 malunt

287 531 485 606 Quam
528 528 904 613 spectatoris
946 527 1204 593 fastidia
1243 527 1411 592 ferre
1456 527 1740 611 superbi,
2100 540 2201 591 21⁶

286 614 513 681 Curam
555 613 744 679 redde
785 614 1073 696 brevem,
1118 612 1174 677 si
1201 633 1433 677 munus
1461 611 1766 695 Apolline
1810 611 2077 696 dignum

284 698 395 763 Vis
440 698 737 783 conplere
780 697 962 762 libris
1007 699 1074 761 et
1112 697 1365 762 vatibus
1409 696 1640 761 addere
1684 696 1920 779 calcar,

283 782 367 847 Vt
410 783 620 848 studio
664 782 903 847 maiore
946 784 1170 878 petant
1209 780 1525 846 Helicona
1565 780 1895 845 virentem.

282 866 481 931 Multa
522 866 778 952 quidem
818 866 1008 931 nobis
1050 865 1320 930 facimus
1364 866 1534 929 mala
1576 886 1765 962 saepe
1807 867 2062 949 poetae,

279 950 368 1015 Vt
405 952 623 1015 vineta
666 950 923 1033 egomet
965 948 1223 1013 caedam
1265 970 1435 1032 mea,
1480 969 1626 1013 cum
1665 950 1786 1013 tibi
1829 950 2063 1014 librum
2102 962 2203 1012 220

282 1034 567 1099 Sollicito
614 1033 836 1095 damus
879 1035 991 1095 aut
1030 1031 1231 1116 fesso;
1279 1052 1424 1096 cum
1465 1032 1802 1115 laedimur,
1846 1056 2045 1098 unum

283 1116 490 1199 Siquis
535 1116 947 1180 amicorumst
987 1135 1177 1178 ausus
1210 1135 1281 1178 re
1326 1114 1671 1179 rehendere
1712 1136 1993 1201 versum3

282 1200 443 1265 Cum
486 1200 627 1264 loca
668 1199 798 1263 iam
839 1198 1103 1264 recitata
1143 1219 1294 1263 revo
1321 1199 1527 1264 vimus
1569 1199 1949 1283 inrevocati3

280 1284 442 1349 Cum
484 1284 933 1367 lamentamur,
976 1303 1112 1348 non
1154 1282 1458 1367 adparere
1500 1283 1749 1348 labores

279 1368 551 1434 Nostros
597 1370 663 1433 et
702 1368 880 1432 tenui
924 1367 1194 1432 deducta
1234 1369 1533 1451 poemata
1572 1368 1712 1465 filo3
2103 1381 2203 1430 225

279 1452 442 1518 Cum
486 1474 811 1537 speramus
854 1473 929 1517 eo
973 1473 1109 1516 rem
1135 1455 1500 1535 venturam,
1543 1454 1618 1516 ut
1657 1452 1847 1516 simul
1889 1453 2078 1535 atque

280 1538 578 1604 Carmina
617 1537 907 1602 rescieris
948 1557 1069 1601 nos
1110 1537 1385 1622 fingere,
1429 1535 1799 1601 commodus
1841 1536 2011 1600 ultro

278 1623 581 1687 Arcessas
625 1623 692 1686 et
732 1642 922 1707 egere
962 1623 1137 1686 vetes
1182 1624 1249 1686 et
1291 1621 1565 1686 scribere
1609 1642 1821 1706 cogas.

279 1706 403 1772 Sed
445 1709 662 1771 tamen
692 1709 791 1771 est
817 1727 1047 1790 operae
1089 1706 1368 1790 pretium
1397 1726 1812 1791 cognoscere,
1858 1705 2075 1789 quales

276 1790 588 1856 Aedituos
631 1790 865 1855 habeat
904 1790 1059 1854 belli
1102 1793 1388 1874 spectata
1430 1790 1726 1873 domique
2102 1801 2204 1851 230

277 1874 499 1939 Virtus
513 1922 532 1957 ,
577 1873 845 1957 indigno
886 1893 1023 1937 non
1066 1871 1500 1939 conmittenda
1541 1876 1786 1956 poetae.

278 1957 513 2024 Gratus
554 1955 922 2021 Alexandro
964 1955 1104 2041 regi
1146 1954 1388 2042 Magno
1430 1955 1555 2021 fuit
1594 1956 1706 2022 ille

276 2041 642 2124 Choerilus,
687 2040 944 2105 incultis
989 2041 1098 2124 qui
1139 2041 1427 2106 versibus
1471 2044 1537 2105 et
1576 2041 1744 2105 male
1785 2042 1954 2106 natis

276 2124 551 2189 Rettulit
592 2126 918 2208 acceptos,
959 2125 1174 2211 regale
1216 2125 1563 2208 nomisma,
1609 2125 1960 2222 Philippos.

275 2208 406 2275 Sed
447 2208 645 2273 veluti
686 2211 961 2273 tractata
1002 2212 1223 2273 notam
1266 2209 1598 2293 labemque
1639 2212 1976 2276 remittunt
2102 2223 2202 2273 235

274 2294 655 2358 Atramenta
664 2341 683 2376 ,
728 2292 861 2357 fere
904 2293 1245 2377 scriptores
1292 2294 1570 2358 carmine
1612 2294 1800 2358 foedo

274 2376 625 2462 Splendida
665 2377 839 2441 facta
880 2378 1109 2450 linunt.
1195 2376 1379 2442 Idem
1418 2399 1532 2441 rex
1573 2377 1711 2460 ille,
1756 2398 1984 2461 poema

274 2461 403 2537 Qui
443 2464 579 2525 tam
622 2461 958 2525 ridiculum
999 2464 1135 2525 tam
1177 2481 1321 2526 care
1363 2461 1670 2546 prodigus
1715 2462 1898 2546 emit,

272 2545 508 2610 Edicto
550 2544 783 2627 vetuit,
827 2545 1055 2627 nequis
1099 2565 1167 2610 se
1208 2548 1460 2628 praeter
1501 2546 1798 2630 Apellem

270 2628 608 2714 Pingeret,
655 2630 766 2692 aut
806 2629 966 2693 alius
1008 2628 1289 2714 Lysippo
1336 2629 1593 2696 duceret
1634 2651 1781 2695 aera
2103 2641 2205 2693 240

271 2713 490 2778 Fortis
533 2712 884 2777 Alexandri
926 2713 1171 2778 voltum
1214 2714 1596 2779 simulantia.
1689 2713 1930 2790 Quodsi

267 2797 591 2863 Iudicium
635 2796 866 2861 subtile
907 2797 1195 2863 videndis
1239 2798 1482 2863 artibus
1524 2797 1683 2860 illud

267 2882 380 2948 Ad
422 2882 621 2946 libros
664 2883 732 2946 et
773 2882 854 2946 ad
895 2881 1052 2947 haec
1094 2882 1424 2947 Musarum
1466 2880 1636 2945 dona
1676 2900 1965 2946 vocares:

266 2967 592 3031 Boeotum
633 2966 702 3030 in
746 2987 956 3031 crasso
1000 2967 1240 3030 iurares
1284 2984 1428 3030 aere
1469 2967 1710 3029 natum.

267 3047 368 3197 fit
408 3071 615 3133 neque
658 3049 1043 3198 dedecoglasst
1064 3048 1315 3197 guatide
1360 3070 1427 3113 se
1469 3048 1704 3198 iilidiciia
1733 3052 1933 3199 1zzffique
1986 3136 2017 3198 ἡ
2086 3062 2203 3153 '245

347 3155 546 3198 unera
660 3155 888 3198 uaem
1108 3153 1463 3199 anscum
1533 3155 1692 3199 aue
1780 3156 1987 3201 ·erun

268 3215 517 3281 Dilecti
556 3155 676 3282 izissli
716 3217 1040 3304 Vergilius
1082 3217 1439 3302 Variusque
1527 3221 1706 3284 oetae
1716 3268 1735 3303 ,
2034 3272 2037 3275 .

267 3298 419 3366 Nec
461 3302 666 3385 magis
709 3303 988 3401 expressi
1030 3303 1243 3385 voltus
1285 3324 1401 3387 per
1530 3325 1688 3369 enea
1730 3306 1943 3389 signa,

268 3383 486 3460 Quam
526 3405 642 3467 per
681 3389 842 3452 vatls
886 3408 1046 3472 opus
1088 3408 1299 3453 mores
1343 3388 1662 3473 animique
1709 3388 1984 3454 virorum

268 3466 615 3534 Clarorum
657 3469 977 3556 adparent.
1064 3471 1130 3540 N
1133 3493 1203 3538 eo
1244 3494 1569 3539 sermones
1614 3494 1732 3560 ego
1777 3475 2032 3540 mallem
2098 3486 2203 3537 250
