2514 3950
820 180 1122 240 GARMEN
1165 181 1605 239 SAECVLARE.

449 346 560 413 Vo
637 368 718 412 ue
757 360 1014 411 veraces
1059 344 1364 409 cecinisse
1439 343 1673 408 Parcae
1686 392 1705 427 ‚

460 432 600 508 Quo
688 431 885 505 semel
928 429 1232 495 dictumst
1273 391 1643 512 stabilisque
1685 448 1898 492 rerum

456 516 795 581 Terminus
838 518 1075 598 servet,
1119 514 1292 578 bona
1333 513 1463 577 iam
1504 512 1777 597 peractis

547 601 803 685 Iungite
846 600 1004 665 fata.

456 768 711 833 Fertilis
752 768 1016 853 ‘frugum
1057 767 1431 852 pecorisque
1473 766 1664 831 tellus

458 851 502 917 S
548 854 685 918 icea
728 851 924 916 donet
967 850 1264 918 Cererem
1308 870 1571 937 corona3

522 938 766 1000 utriant
804 936 973 999 fetus
1018 939 1084 999 et
1126 956 1325 1017 aquae
1369 935 1652 1000 salubres

550 1019 640 1082 Et
682 1018 852 1081 Iovis
897 1038 1104 1081 aurae.

460 1184 739 1250 Condito
782 1184 956 1248 mitis
1000 1182 1411 1268 placidusque
1453 1184 1581 1249 telo

458 1269 548 1333 Su
593 1269 791 1354 plices
837 1268 985 1335 audi
1027 1289 1291 1353 pueros,
1336 1268 1602 1352 Apoll03

460 1292 752 1418 Siderum
792 1354 1017 1439 regina
1058 1353 1373 1436 bicorniS,
1418 1353 1598 1435 audi,

549 1437 758 1521 Luna,
805 1439 1066 1523 puellas,

452 1589 663 1653 Roma
705 1590 760 1654 si
802 1593 1148 1655 vestrumst
1189 1612 1382 1675 opus,
1426 1589 1707 1675 Iliaeque

455 1673 635 1738 Litus
679 1674 1022 1740 Etruscum
1065 1679 1326 1739 tenuere
1369 1678 1643 1759 turmae,

452 1757 634 1822 Iussa
675 1781 822 1843 pars
866 1763 1114 1824 mutare
1157 1758 1352 1823 Lares
1397 1763 1464 1826 et
1503 1760 1728 1825 urbem

547 1841 802 1924 Sospite
847 1863 1033 1906 cursu
1043 1891 1062 1923 ‚

456 1990 580 2056 Cui
621 2012 738 2075 per
779 1991 1106 2056 ardentem
1149 1993 1288 2055 sine
1330 1991 1551 2056 fraude
1593 1992 1854 2056 Troiam

458 2073 688 2139 Castus
730 2075 982 2173 Aeneas
1023 2076 1271 2173 patriae
1316 2079 1631 2160 superstes

455 2157 756 2223 Liberum
798 2163 1071 2224 mumvlt
1111 2161 1260 2243 iter,
1307 2160 1567 2226 daturus

547 2242 743 2307 Plura
785 2244 1055 2310 relictis:

455 2393 571 2477 Di,
615 2396 851 2479 probos
895 2418 1104 2461 mores
1157 2397 1353 2462 docili
1392 2400 1715 2483 iuventae,

454 2477 573 2559 Di,
622 2480 933 2544 senectuti
972 2480 1261 2577 placidae
1305 2482 1612 2567 quietem,

454 2560 765 2627 Romulae
808 2565 987 2647 gent1
1032 2564 1178 2628 date
1220 2586 1479 2649 remque
1521 2567 1892 2651 prolemque

547 2645 637 2709 Et
680 2646 870 2711 decus
916 2668 1123 2713 omne.

453 2796 752 2882 Quaeque
796 2815 910 2862 vos
953 2800 1157 2865 bobus
1200 2804 1539 2866 veneratur
1582 2801 1743 2865 albis

453 2880 677 2947 Clarus
720 2882 1043 2948 Anchisae
1085 2884 1482 2981 Venerisque
1526 2886 1817 2969 sanguiS,

449 2965 529 3029 In
577 2969 768 3050 etret,
813 2967 1093 3031 bellante
1136 2969 1342 3053 prior,
1388 2971 1704 3033 1acentem

598 3051 736 3115 enis
780 3051 851 3113 in
891 3050 1161 3116 hostem.

449 3201 588 3265 Iam
630 3202 794 3266 mari
835 3205 1130 3286 terraque
1174 3225 1403 3269 manus
1445 3207 1741 3289 potentes

450 3284 674 3350 Medus
718 3287 1130 3371 Albanasque
1172 3289 1360 3353 timet
1401 3310 1681 3372 secures,

450 3366 587 3432 Iam
631 3369 903 3453 Scythae
944 3393 1254 3457 responsa
1296 3375 1529 3458 petunt
1572 3373 1830 3457 superbi

543 3452 765 3537 Nuper
807 3459 871 3519 et
913 3456 1076 3522 Indi.

2056 176 2173 241 103

2105 355 2170 405 25

2109 859 2176 912 30

2110 1365 2175 1414 35

2106 2410 2172 2460 45

2106 2901 2174 2950 50

2055 3388 2168 3462 ,⁶⁵
