2514 3950
262 116 269 117 ἢ
341 129 461 194 118
854 171 861 179 .
1146 130 1448 190 EronoN
2035 150 2045 158 ·
2098 134 2274 209 [xm.

464 295 694 363 Cetera
734 295 917 360 mitte
960 295 1167 379 loqui:
1221 295 1377 361 deus
1419 294 1577 360 haec
1619 295 1889 361 fortasse
1932 296 2218 382 benigna

547 380 833 445 Reducet
873 380 944 444 in
986 380 1201 445 sedem
1243 379 1401 445 vice.
1487 379 1678 445 Nunc
1722 383 1789 444 et
1829 379 2267 446 Achaemenio

462 464 768 529 Perfundi
810 464 1011 529 nardo
1055 465 1230 530 iuvat
1274 467 1339 529 et
1379 464 1503 528 fide
1547 461 1856 547 Cyllenea

339 562 406 611 ιο
546 548 783 614 Levare
827 548 981 613 diris
1022 552 1289 631 pectora
1330 547 1888 628 sollicitudinibus,

462 627 718 695 Nobilis
762 632 836 693 ut
878 629 1112 713 grandi
1157 629 1391 693 cecinit
1433 627 1792 695 Centauros
1838 631 2126 694 alumno:

548 714 813 780 ‘Invicte
826 764 845 798 ,
888 714 1178 779 mortalis
1223 714 1345 779 dea
1385 716 1534 778 nate
1574 736 1735 799 puer
1776 714 2073 800 Thetide,

460 801 553 865 Te
593 801 809 864 manet
849 799 1152 863 Assaraci
1192 800 1416 880 tellus,
1461 819 1654 881 quam
1695 799 1933 884 frigida
1972 800 2141 864 tardi

544 884 830 949 Findunt
873 882 1245 948 Scamandri
1285 882 1553 947 flumina
1593 883 1872 948 lubricus
1916 887 1981 948 et
2008 883 2274 969 Simois,

340 982 402 1031 15
465 968 653 1034 Vnde
694 968 815 1032 tibi
857 968 1132 1032 reditum
1176 970 1349 1032 certo
1396 967 1752 1032 subtemine
1794 967 2032 1032 Parcae

544 1052 828 1136 Rupere,
871 1073 991 1117 nec
1033 1055 1239 1117 mater
1282 1052 1543 1116 domum
1586 1052 1838 1116 caerula
1877 1055 1944 1116 te
1985 1052 2268 1118 revehet.

461 1136 605 1203 Illic
648 1157 838 1202 omne
879 1138 1117 1201 malum
1158 1137 1310 1201 vino
1356 1139 1673 1221 cantuque
1716 1137 1958 1219 levato,

544 1219 866 1287 Deformis
909 1221 1339 1307 aegrimoniae
1382 1221 1674 1285 dulcibus
1718 1220 2081 1305 adloquiis?

1179 1528 1412 1601 xlm.

459 1661 677 1726 Mollis
718 1658 951 1724 inertia
993 1679 1104 1723 cur
1144 1661 1395 1723 tantam
1438 1658 1760 1724 diffuderit
1800 1659 1946 1724 imis

547 1744 949 1811 Oblivionem
993 1743 1316 1828 sensibus,

459 1830 700 1895 Pocula
740 1827 1054 1894 Lethaeos
1098 1830 1171 1892 ut
1215 1828 1271 1892 si
1313 1828 1612 1893 ducentia
1655 1848 1913 1892 somnos

543 1916 786 1981 Arente
828 1913 1012 1980 fauce
1054 1912 1387 1997 traxerim,

332 2013 367 2061 5
463 1999 746 2066 Candide
789 1998 1156 2083 Maecenas,
1202 1998 1438 2063 occidis
1483 2018 1672 2081 saepe
1715 1998 2032 2083 rogando:

543 2084 751 2167 Deus,
796 2083 950 2148 deus
992 2097 1144 2147 nam
1186 2104 1290 2147 me
1331 2085 1506 2146 vetat

458 2168 612 2233 Ince
655 2171 792 2249 tos,
840 2167 997 2230 olim
1037 2167 1421 2250 promissum
1466 2186 1750 2250 carmen,
1796 2166 2041 2230 iambos

544 2191 655 2315 Ag
692 2250 1064 2315 umbilicum
1106 2250 1434 2314 adducere.

460 2335 615 2401 Non
658 2335 842 2399 aliter
886 2334 1100 2414 Samio
1145 2333 1367 2398 dicunt
1409 2334 1640 2399 arsisse
1685 2333 1988 2417 Bathyllo

339 2434 405 2483 ιο
543 2421 954 2484 Anacreonta
996 2418 1251 2502 Teium,

463 2504 588 2580 Qui
629 2524 934 2589 persaepe
979 2525 1134 2569 cava
1170 2504 1493 2568 testudine
1532 2503 1709 2568 flevit
1751 2523 2031 2568 amorem

545 2587 700 2654 Non
742 2588 1137 2652 elaboratum
1180 2587 1263 2651 ad
1352 2588 1551 2653 edem.

460 2672 682 2739 Vreris
724 2673 862 2757 ipse
903 2671 1124 2736 miser:
1170 2692 1296 2755 quo
1381 2673 1395 2686 ‘
1439 2693 1575 2737 non
1615 2670 1943 2757 pulchrior
1985 2672 2166 2758 ignis.

546 2756 862 2823 Accendit
906 2757 1232 2821 obsessam
1274 2756 1474 2840 Ilion,

340 2852 404 2905 15
469 2840 691 2908 Gaude
733 2845 905 2907 sorte
947 2844 1087 2928 tua3
1133 2862 1236 2905 me
1279 2841 1607 2926 libertina,
1652 2861 1771 2906 nec
1813 2860 1944 2906 uno

548 2925 896 3010 Contenta,
939 2926 1195 3010 Phryne
1237 2928 1538 2990 macerat.

1150 3198 1453 3212 m
