2514 3950
386 131 508 196 160
1126 132 1553 189 summm
2216 134 2322 208 [n.

506 298 685 364 ‘Non
728 301 877 383 ego’
920 299 1287 361 narrantem
1331 298 1591 361 ‘temere
1634 294 1737 360 edi
1778 295 1920 360 luce
2005 295 2252 361 rofesta

506 382 861 465 Quicquam
901 384 1154 466 praeter
1187 381 1329 445 olus
1371 380 1659 445 fumosae
1687 401 1834 444 cum
1986 401 2021 445 e
2048 402 2320 464 pernae.

504 468 604 531 Ac
645 465 807 531 mihi
835 488 948 531 seu
989 466 1259 548 longum
1299 468 1450 548 post
1489 467 1740 548 tempus
1768 467 2033 529 venerat
2073 464 2324 548 hospes

511 550 656 616 Sive
701 551 967 635 operum
1007 570 1210 614 vacuo
1253 552 1480 634 gratus
1525 549 1793 613 conviva
1832 570 1949 633 per
1989 549 2266 614 imbrem

385 647 484 696 120
509 634 807 716 Vicinus,
851 634 1015 699 bene
1057 636 1196 698 erat
1236 653 1371 697 non
1411 633 1694 717 piscibus
1736 633 1895 699 urbe
1935 633 2184 717 petitia,

508 718 634 784 Sed
661 719 841 803 pullo
870 721 1062 866 atque
1102 716 1341 801 haed03
1384 720 1523 781 tum
1550 717 1818 801 pensilis
1847 739 1972 782 uva
1998 718 2323 783 secundas

505 803 596 867 Et
635 824 770 867 nux
812 823 970 867 orna
1014 805 1084 866 at
1124 822 1380 867 mensas
1424 822 1568 866 cum
1611 801 1863 885 duplice
1905 801 2051 866 ficu.

504 887 666 951 Post
705 885 830 950 hoc
872 886 1058 950 ludus
1102 889 1240 951 erat
1282 885 1470 969 culpa
1510 888 1735 969 potare
1776 885 2116 970 magistra3

505 972 605 1034 Ac
646 973 948 1034 venerata
991 968 1183 1036 Ceres
1196 1019 1217 1053 ‚
1262 970 1353 1034 ita
1393 970 1605 1034 culmo
1650 973 1937 1054 surgeret
1977 970 2139 1052 alto,

385 1068 480 1117 125
508 1054 840 1138 Explicuit
879 1055 1030 1119 vino
1076 1056 1439 1120 contractae
1484 1054 1649 1118 seria
1688 1053 1939 1118 frontis.

507 1138 761 1204 Saeviat
802 1142 992 1223 atque
1034 1159 1236 1203 novos
1280 1141 1535 1202 moveat
1575 1137 1834 1202 fortuna
1873 1139 2217 1203 tumultus:

507 1222 830 1298 Quantum
871 1223 1023 1287 hinc
1062 1222 1420 1286 inminuet‘?
1477 1224 1716 1305 quanto
1756 1224 1866 1286 aut
1894 1243 2014 1307 ego
2055 1223 2321 1306 parcius

1385 1318 1391 1320 ’
1595 1308 1706 1369 aut
1745 1327 1860 1370 vos

509 1391 564 1456 Ο
607 1391 819 1475 pueri,
861 1391 1174 1473 nituistis‚
1217 1393 1292 1454 ut
1330 1389 1457 1454 huc
1497 1410 1702 1454 novus
1751 1356 1963 1454 incola
2001 1390 2226 1454 venit?

508 1475 682 1540 Nam
722 1475 1017 1558 propriae
1059 1475 1307 1539 telluris
1351 1495 1526 1538 erum
1570 1476 1799 1538 natura
1837 1495 1957 1539 nec
1998 1474 2182 1538 illum

384 1572 482 1622 130
507 1559 647 1624 Nec
690 1580 793 1622 me
833 1579 954 1623 nec
995 1579 1380 1642 quemquam
1415 1559 1672 1643 statuit3
1717 1579 1836 1622 nos
1880 1558 2122 1642 expulit
2161 1559 2318 1646 ille3

505 1643 698 1707 Illum
741 1644 854 1705 aut
892 1642 1207 1724 nequities
1251 1644 1365 1705 aut
1403 1642 1565 1706 vafri
1606 1642 1862 1708 inscitia
1903 1642 2088 1726 iuris,

504 1727 905 1791 Postremum
949 1726 1223 1809 expellet
1265 1728 1436 1790 certe
1478 1727 1757 1791 vivacior
1798 1726 2000 1791 heres.

504 1810 699 1883 Nunc
739 1831 894 1896 ager
932 1809 1245 1876 Vmbreni
1288 1811 1408 1875 sub
1448 1811 1706 1876 nomine
1715 1860 1736 1895 ‚
1778 1832 1986 1894 nuper
2029 1811 2228 1876 Ofelli

506 1895 764 1978 Dictus,
808 1895 931 1960 erit
971 1895 1133 1960 nulli
1174 1895 1503 1980 proprius,
1548 1895 1660 1960 sed
1702 1893 1885 1960 cedet
1923 1896 1995 1959 in
2035 1917 2226 1960 usum

386 1993 481 2043 135
510 1980 701 2046 Nunc
741 1980 931 2064 mihi,
974 2002 1145 2045 nunc
1188 1981 1319 2046 8111.
1408 1980 1719 2055 Quocirca
1759 1981 1953 2045 vivite
1994 1981 2193 2046 fortes

506 2065 848 2148 Fortiaque
892 2065 1172 2130 adversis
1217 2065 1524 2148 opponite
1566 2069 1827 2148 pectora
1869 2065 2102 2130 rebus?

1272 2436 1401 2513 ΠΙ.

506 2566 601 2632 ‘Si
640 2587 787 2631 raro
829 2566 1053 2632 scribis
1068 2617 1088 2650 ‚
1128 2572 1203 2633 ut
1242 2572 1382 2633 toto
1425 2591 1560 2634 non
1603 2572 1826 2653 quater
1868 2590 2037 2635 anno

505 2651 946 2716 Membranam
972 2672 1231 2735 poscas,
1262 2653 1641 2736 scriptorum
1668 2675 1953 2753 quaeque
1980 2657 2315 2739 retexens,

504 2735 715 2800 Iratus
758 2736 878 2801 tibi
887 2784 907 2820 ‚
952 2736 1123 2819 quod
1164 2736 1298 2800 vini
1341 2737 1673 2821 somnique
1714 2739 2031 2825 bemgnus

506 2819 619 2885 Nil
663 2820 927 2906 dignum
970 2842 1263 2886 sermone
1306 2840 1526 2886 canas:
1581 2822 1733 2905 quid
1772 2823 1928 2888 fiet?
2014 2825 2106 2887 At
2144 2823 2316 2907 ipsis

440 2916 473 2965 5
504 2904 944 2969 Saturnalibus
986 2904 1113 2970 huc
1155 2905 1380 2990 fugisti
1423 2905 1690 2971 sobrius.
1775 2907 1954 2992 Ergo

505 2987 629 3051 Dic
672 2988 914 3072 aliquid
957 2988 1223 3074 dignum
1266 2988 1614 3072 promissis,
1691 2990 1929 3076 Incipe.
2001 2992 2116 3057 Nil
2158 2993 2314 3057 est?

507 3070 862 3155 Culpantur
902 3071 1139 3136 frustra
1181 3073 1406 3138 calami
1419 3123 1438 3157 ,
1481 3074 1939 3160 inmeritusque
1980 3076 2233 3141 laborat

504 3155 695 3220 Iratis
737 3159 927 3221 natus
970 3157 1177 3239 paries
1222 3157 1319 3221 dis
1363 3161 1550 3243 atque
1593 3161 1820 3245 poetis,

509 3240 703 3324 Atqui
744 3241 956 3305 voltus
1000 3245 1137 3307 erat
1176 3243 1382 3307 multa
1424 3246 1489 3308 et
1528 3245 1852 3342 praeclara
1892 3244 2197 3310 minantis
2210 3294 2232 3329 ‚

412 3338 475 3386 10
504 3323 573 3389 Si
614 3346 883 3391 vacuum
926 3326 1142 3409 tepido
1188 3329 1461 3411 cepisset
1501 3329 1721 3393 villula
1761 3333 1953 3394 tecto.

506 3407 818 3485 Quorsum
859 3411 1171 3495 pertinuit
1213 3412 1452 3495 stipare
1492 3412 1766 3477 Platona
1807 3411 2211 3479 Menandro?
