2514 3950
232 199 429 255 mm
431 201 470 273 .]

1036 199 1251 255 LIBER
1293 199 1337 256 L

402 429 408 433 ,
525 361 680 429 Non
719 362 883 427 lenis
926 362 1220 445 precibus
1263 362 1398 425 fata
1438 361 1791 444 recludere,

526 445 734 531 Nigro
779 446 1138 530 conpulerit
1178 445 1534 510 Mercurius
1576 444 1806 542 gregi?

526 529 801 595 Durum.
847 530 958 595 sed
1000 531 1200 595 levius
1244 530 1319 594 fit
1359 529 1701 614 patientia,

629 613 949 699 Quidquid
994 614 1374 700 corrigerest
1414 613 1617 678 nesae.

1067 885 1289 962 XXV.

527 1019 787 1084 Parcius
830 1017 1078 1082 iunctas
1123 1019 1421 1101 quatiunt
1459 1017 1774 1081 fenestras

528 1101 809 1167 Iactibus
854 1100 1091 1165 crebris
1135 1102 1393 1164 iuvenes
1435 1101 1746 1185 protervi,

529 1185 668 1251 Nec
708 1184 831 1248 tibi
874 1203 1134 1248 somnos
1178 1183 1496 1267 adimunt,
1541 1187 1837 1267 amatque

632 1268 836 1333 Ianua
877 1267 1104 1353 limen,
1475 1296 1482 1301 ·

531 1402 704 1479 Quae
747 1403 925 1487 prius
968 1403 1240 1466 multum
1283 1402 1491 1466 facilis
1534 1400 1832 1500 movebat

531 1487 856 1554 cardines.
922 1486 1127 1551 Audis
1169 1487 1383 1550 minus
1414 1488 1483 1550 et
1522 1486 1733 1549 minus
1776 1485 1938 1550 iam:

530 1572 659 1637 ‘Me
700 1575 813 1637 tuo
856 1572 1087 1656 longas
1128 1572 1435 1655 pereunte
1476 1572 1700 1636 noctes
1708 1618 1728 1654 ,

628 1655 857 1740 Lydia,
904 1655 1213 1721 dormis‘R’

528 1790 813 1855 Invicem
854 1790 1156 1855 moechos
1200 1811 1361 1854 anus
1406 1791 1777 1887 arrogantes

529 1874 742 1939 Flebis
785 1875 856 1937 in
899 1874 1037 1937 solo
1082 1873 1239 1937 levis
1284 1873 1657 1969 angiporta,

530 1957 800 2022 Thracio
844 1955 1197 2021 bacchante
1240 1956 1447 2040 magis
1494 1954 1611 2019 sub
1654 1955 1848 2019 inter-

632 2041 811 2104 lunia
853 2043 1076 2123 vent0,

533 2174 697 2241 Cum
737 2174 858 2239 tibi
898 2175 1180 2259 flagrans
1225 2195 1405 2237 amor
1446 2175 1513 2237 et
1552 2172 1784 2255 libido,

532 2257 708 2335 Quae
751 2258 916 2323 solet
955 2261 1190 2323 matres
1233 2258 1470 2322 furiare
1516 2276 1849 2340 equorum,

531 2342 786 2409 Saeviet
828 2343 997 2408 circa
1037 2342 1213 2407 iecur
1253 2342 1639 2424 ulcerosum,

632 2426 786 2494 Non
829 2428 967 2491 sine
1010 2429 1267 2509 questu,

531 2561 730 2626 Laeta
773 2560 944 2644 quod
1031 2560 1186 2624 ubes
1226 2559 1463 2624 hedera
1504 2559 1737 2623 virenti

533 2644 826 2711 Gaudeat
863 2665 906 2728 p
1003 2665 1042 2707 a
1082 2644 1302 2741 magis
1336 2646 1524 2727 atque
1566 2646 1808 2726 myrto,

531 2729 763 2793 Aridas
805 2728 1066 2793 frondes
1108 2726 1338 2793 hiemis
1383 2726 1588 2791 sodali

633 2811 904 2877 Dedicet
944 2812 1142 2877 Eur0.

1054 3080 1316 3157 XXVI.

532 3215 735 3282 Musis
780 3213 1020 3279 amicus
1061 3212 1392 3277 tristitiam
1434 3215 1502 3277 et
1544 3213 1751 3275 metus

533 3298 810 3365 Tra-dam
850 3298 1166 3383 protervis
1208 3297 1280 3363 in
1320 3316 1496 3360 mare
1530 3292 1851 3361 Oreticum

633 3384 898 3449 Portare
937 3382 1143 3447 ventis
1153 3430 1172 3466 ,
1218 3380 1360 3465 quis
1405 3378 1522 3444 sub
1551 3379 1750 3444 Arcto

718 3466 856 3531 Rex
896 3467 1145 3552 gelidae
1188 3466 1509 3529 metuatur
1551 3484 1729 3547 orae,

2064 191 2145 256 21

2083 623 2152 674 20

2090 1883 2154 1931 10

2092 2351 2154 2401 15
