2514 3950
356 148 442 214 60
1113 156 1510 214 CARfflNVM

355 329 421 378 25
527 318 682 382 Mox
723 318 1003 383 iuniores
1049 320 1299 403 quaerit
1340 320 1662 387 adulteros

522 402 700 467 Inter
742 403 957 467 mariti
998 403 1175 487 vina,
1221 426 1429 488 neque
1474 406 1658 491 eligit

610 485 730 552 Cui
773 486 969 551 donet
1008 488 1392 571 inpermissa
1432 491 1667 574 raptim

704 570 954 635 Gaudia
995 573 1345 638 luminibus
1387 575 1682 659 remotiS,

523 687 649 754 Sed
690 689 865 754 iussa
908 710 1122 754 coram
1176 711 1312 755 non
1356 691 1494 756 sine
1539 693 1791 757 conscio

353 784 419 833 80
522 772 743 857 Surgit
782 773 1014 838 marito
1093 796 1204 839 seu
1247 777 1437 840 vocat
1477 777 1734 841 institor

607 855 732 921 Seu
773 857 957 921 navis
999 823 1329 942 fiispanae
1371 861 1706 946 magister,

696 939 1095 1006 Dedecorum
1137 944 1454 1026 pretiosus
1500 947 1764 1029 emptor.

518 1057 672 1123 Non
713 1058 814 1123 his
858 1059 1151 1125 iuventus
1196 1064 1339 1158 orta
1380 1062 1751 1145 parentibus

519 1141 754 1207 Infecit
795 1165 1032 1228 aequor
1076 1166 1389 1242 sanguine
1431 1145 1694 1243 Punico·

351 1236 415 1287 35
603 1226 918 1311 Pyrrhum
962 1251 1041 1293 ue
1087 1232 1152 1293 et
1192 1232 1522 1314 mgentem
1568 1230 1794 1295 cecldit

696 1312 935 1378 Antioc
982 1334 1092 1377 um
1133 1312 1689 1398 Hannibalemque
1732 1315 1975 1402 dirum3
2025 1286 2028 1287 ⁷

520 1428 643 1494 Sed
686 1430 1069 1495 rusticorum
1110 1431 1395 1496 mascula
1436 1433 1713 1496 militum

518 1512 769 1597 Proles,
816 1514 1086 1580 Sabellis
1131 1516 1322 1580 docta
1363 1516 1692 1601 ligonibus

601 1596 872 1662 Versare
916 1600 1177 1682 glaebas
1222 1603 1289 1663 et
1330 1621 1584 1666 severae

348 1691 415 1741 40
697 1681 923 1746 Matris
967 1682 1049 1746 ad
1093 1683 1427 1748 arbitrium
1468 1686 1704 1751 recisos

514 1798 780 1863 Portare
824 1799 1053 1884 fustes,
1098 1802 1197 1865 sol
1238 1802 1351 1866 ubi
1394 1803 1710 1868 montium

516 1881 798 1948 Mutaret
839 1885 1097 1949 umbras
1142 1889 1207 1952 et
1228 1887 1403 1972 0iuga
1446 1887 1727 1953 demeret

598 1966 819 2034 Bobus
862 1969 1149 2056 fatigatis
1194 1972 1470 2050 amicum

692 2052 969 2139 Tempus
1013 2077 1211 2140 agens
1256 2057 1528 2122 abeunte
1574 2078 1779 2123 curru.

344 2179 410 2229 45
515 2169 845 2234 Damnosa
888 2171 1039 2254 quid
1081 2193 1216 2236 non
1256 2174 1558 2239 inminuit
1600 2173 1779 2238 dies?

513 2255 712 2318 Aetas
754 2258 1122 2340 parentum,
1167 2258 1348 2341 peior
1391 2259 1526 2322 avis
1535 2307 1555 2342 ‚
1598 2257 1750 2322 tulit

596 2337 736 2403 Nos
776 2338 1142 2424 nequiores,
1186 2362 1338 2406 mox
1381 2342 1641 2407 daturos

688 2420 1072 2505 Progeniem
1116 2425 1531 2493 vitiosiorem.

1223 2682 1381 2757 VII.

512 2769 679 2905 Quid
718 2809 865 2894 fles,
908 2781 1189 2908 iisteriess
1237 2793 1426 2897 que'm
1468 2815 1587 2880 fibi
1632 2771 1897 2882 ea‘nffidi'

508 2890 724 2956 Primo
769 2897 1109 2961 restituent
1150 2919 1297 2962 vere
1340 2898 1609 2965 Favonii

593 2974 821 3059 Thyna
861 3000 1069 3045 merce
1113 2981 1404 3067 beatum,

688 3058 1058 3128 Constantis
1102 3065 1395 3131 iuvenem
1437 3067 1561 3133 fide
1574 3118 1593 3152 ‚

337 3187 368 3236 5
505 3176 735 3260 Gygen
749 3177 783 3241 ‘?
870 3179 989 3245 Ille
1031 3181 1223 3249 Notis
1270 3187 1448 3249 actus
1493 3185 1574 3249 ad
1618 3185 1880 3249 Oricum

505 3258 663 3324 Post
704 3260 933 3327 insana
976 3264 1223 3361 Caprae
1269 3268 1476 3333 sidera
1519 3267 1786 3353 frigidas

588 3348 822 3410 Noctes
866 3369 1000 3411 non
1044 3369 1182 3412 sme
1225 3351 1445 3415 multis

680 3428 1004 3493 Insomnis
1047 3431 1328 3497 lacrimis
1373 3434 1527 3518 agit.

2030 2748 2052 2768 μ
2071 2666 2229 2760 &01⁴6
2253 2633 2364 2731 W(
