2514 3950
930 164 1504 221 PROLEGOMENA.
2022 164 2176 219 XXV

263 333 550 393 aequasse
598 318 695 374 sat
739 317 974 375 constat
1023 312 1123 390 [cf.
1158 315 1277 391 frg.
1317 317 1419 376 18.
1459 318 1538 376 19
1583 334 1677 391 ap.
1711 314 2044 391 Bergki'um
2089 314 2179 374 ed.

259 402 391 482 111];
445 422 555 463 nec
607 421 749 463 vero
795 404 921 463 ullo
960 403 1177 463 adduci
1227 421 1475 479 possum
1508 405 1712 481 pacto,
1749 407 1827 463 ut
1868 405 1998 464 toto
2044 422 2179 463 eum

261 493 618 569 allegoriam
681 493 941 551 carmine
1005 495 1389 567 persecutum
1452 509 1585 551 esse
1638 491 1988 552 existimem.
2078 491 2181 550 Vi-

262 581 456 640 denda
501 580 684 640 etiam
730 598 882 656 quae
928 578 1176 641 Iahnius
1224 580 1537 641 adnotavit
1580 578 1658 639 ad
1699 598 1751 656 1,
1799 583 1901 640 10.

394 688 436 743 1,
477 670 578 746 15,
618 672 686 746 9;
736 669 837 742 35,
879 670 978 729 33.
1051 669 1316 745 Reposui
1360 669 1500 744 iam,
1546 670 1787 729 secutus
1822 668 2182 745 Bentleium,

262 757 417 818 illud
463 759 627 836 eheu,
675 756 833 833 quod
878 756 1105 833 legitur
1147 757 1214 816 in
1260 757 1389 816 cdd.
1439 757 1588 817 satis
1636 756 1874 830 multis,
1918 775 2029 832 pro
2074 756 2184 815 heu

261 847 403 918 heu;
444 865 588 907 nam
629 845 1106 906 interiectionem
1150 846 1263 907 heu
1307 864 1444 905 cum
1486 845 1660 905 hiatu
1698 863 1871 905 nemo
1909 844 2185 904 adhibuit

261 935 422 995 inter
468 934 831 1011 dactylicos„

394 1041 449 1096 1,
498 1024 609 1099 15,
658 1025 760 1098 27,
807 1024 846 1082 8
910 1040 1029 1083 ecce
1086 1024 1236 1096 furit
1293 1027 1347 1083 te
1401 1025 1657 1097 reperire
1714 1026 1881 1083 atrox
1936 1023 2185 1094 :tydides

265 1111 467 1170 melior
500 1114 694 1185 patre.
786 1109 951 1168 Haec
997 1128 1108 1169 sua
1150 1110 1443 1169 carebunt
1485 1112 1814 1187 elegantia,
1867 1111 1987 1170 nisi
2032 1109 2186 1168 illud

267 1202 436 1258 atrox
481 1199 795 1272 separetur
838 1215 878 1255 a
920 1215 1045 1258 voc.
1081 1196 1452 1274 insequente,
1495 1216 1572 1257 ne
1612 1199 1726 1258 hoo
1771 1197 2003 1257 duobus
2049 1216 2186 1257 one-

266 1287 437 1346 retur
481 1286 785 1361 epithetis,
831 1288 902 1345 ut
945 1287 1054 1345 aut
1096 1286 1416 1361 iungamus
1457 1287 1605 1359 furit
1640 1290 1693 1344 te
1734 1287 1988 1359 reperire
2024 1290 2188 1345 atrox

267 1393 388 1451 qua
442 1373 703 1434 admissa
758 1373 1138 1434 distinctione
1194 1378 1363 1434 atrox
1418 1374 1682 1451 positum
1739 1393 1849 1450 pro
1904 1376 2186 1446 atrociter,

266 1465 376 1524 aut
427 1462 738 1523 commatis
794 1463 1170 1524 secludamus
1224 1462 1412 1523 verba
1464 1467 1517 1522 te
1567 1465 1821 1537 reperire
1869 1466 2062 1540 atrox,
2118 1467 2188 1520 ut

268 1570 627 1628 suspensum
671 1551 754 1612 sit
795 1554 1051 1626 reperire
1094 1551 1172 1612 ab
1218 1555 1403 1611 atrox.
1476 1551 1635 1609 Nam
1669 1550 1961 1611 Horatius
2007 1568 2189 1627 quam

269 1658 448 1717 saepe
507 1642 571 1700 et
626 1643 852 1717 quanta
907 1658 1042 1699 cum
1094 1640 1345 1700 audacia
1410 1639 1717 1700 adiectivis
1765 1638 1951 1699 addat
1992 1638 2187 1697 infini-

265 1729 446 1808 turos,
488 1729 715 1788 nemini
755 1730 1049 1805 ignotum.

399 1836 442 1892 1,
491 1818 594 1894 15,
641 1818 742 1877 36.
811 1820 965 1891 iynis
1006 1818 1236 1877 Iliacas
1280 1818 1492 1878 domos.
1582 1815 2010 1892 Reponendum
2058 1833 2189 1874 esse

268 1905 459 1964 statui
503 1906 886 1980 quantumvis
930 1907 1102 1964 tenui
1144 1904 1441 1965 librorum
1485 1904 1846 1965 auctoritate
1886 1903 2191 1962 firmatum

268 1994 424 2056 illud
457 1994 826 2067 Peryameas,
873 1995 944 2050 ut
980 1993 1337 2052 existumem
1381 2011 1455 2051 ex
1498 1993 1764 2067 proxime
1808 1992 2189 2067 praecedenti

268 2082 391 2139 Ilio
434 2080 758 2155 inrepsisse
815 2080 974 2155 quod
1027 2080 1149 2139 iam
1201 2080 1388 2155 vulgo
1431 2079 1647 2139 fertur.
1736 2080 1820 2138 Et
1865 2080 2085 2138 similia
2127 2081 2192 2138 in

270 2168 440 2229 libris
493 2167 640 2228 Hor.
697 2167 1055 2243 aliquotiens
1116 2170 1434 2227 occurrunt
1491 2167 1659 2229 vitia.
1757 2165 1846 2225 Cf.
1892 2185 1941 2226 c.
1984 2185 2082 2241 111,
2131 2169 2189 2244 4,

274 2260 328 2318 9.
372 2260 473 2318 10.
517 2275 630 2336 1111,
669 2258 728 2335 5,
768 2258 869 2316 17.
912 2258 1011 2316 18.
1083 2256 1295 2333 Neque
1341 2256 1501 2316 enim
1546 2256 1807 2315 adducor
1844 2256 1915 2314 ut
1950 2255 2191 2314 credam

267 2345 446 2405 basin
488 2346 601 2406 hoc
643 2345 802 2419 loco,
857 2344 1018 2420 quod
1069 2363 1396 2421 numquam
1449 2345 1597 2404 alibi
1647 2344 1747 2404 vel
1789 2345 1853 2403 in
1899 2344 2188 2419 glyconeo

268 2437 462 2494 metro
488 2434 589 2494 vel
613 2432 1126 2515 inhasolepiadeis,
1162 2452 1317 2509 quae
1351 2433 1722 2493 descendunt
1754 2431 1909 2509 inde,
1947 2431 2190 2491 admisit

269 2522 588 2597 Horatius,
642 2522 893 2581 tolerari
945 2539 1120 2596 posse
1165 2522 1548 2581 trochaicam.
1592 2552 1677 2562 —
1724 2518 2008 2580 Ceterum
2052 2538 2187 2580 con-

269 2611 518 2671 ferenda
565 2608 822 2685 Vergilii
877 2609 986 2668 illa
1041 2611 1198 2670 veuit
1255 2627 1486 2670 summa
1544 2612 1667 2671 dies
1724 2614 1777 2669 et
1830 2610 2191 2684 ineluctabile

269 2701 462 2773 fatum
515 2699 901 2771 Dardania&
954 2699 1178 2772 fuimus
1233 2698 1436 2765 Troes,
1491 2700 1606 2771 fuit
1646 2698 1834 2757 Ilium
1887 2702 1940 2756 et
1990 2699 2191 2769 ingens

162 2856 174 2873 ο
264 2789 461 2863 yloria
515 2788 870 2847 Teucrorum
928 2788 991 2845 et
1041 2804 1219 2861 porro
1281 2787 1584 2859 ceciditque
1638 2787 1950 2859 superbum
2000 2785 2049 2843 I
2048 2785 2191 2843 lium

271 2881 322 2936 et
366 2878 553 2937 omnis
609 2877 782 2935 humo
826 2876 1020 2949 fumat
1060 2874 1361 2956 Neptunia
1408 2874 1606 2934 Troia.
1692 2873 1791 2932 Ita
1833 2870 2005 2933 Ovid.
2047 2876 2190 2932 met.

268 2983 447 3042 xlm„
472 2966 602 3024 466
641 2983 728 3039 sp.
788 2968 1102 3039 postquam
1149 2964 1275 3023 alta
1317 2957 1626 3022 crematast
1658 2962 1811 3021 Ilios
1851 2965 1905 3020 et
1936 2961 2191 3021 Danaas

262 3057 556 3127 paverunt
596 3052 887 3127 Peryama
929 3054 1219 3125 flammas.
1303 3050 1527 3110 Seneca
1572 3050 1671 3109 Tr.
1723 3052 1802 3109 19
1853 3067 1979 3125 sqq.
2051 3050 2191 3110 diri-

262 3145 430 3216 pitur
487 3143 704 3201 ardens
761 3141 968 3206 Troia,
1029 3156 1135 3199 nec
1189 3140 1412 3200 caelum
1461 3142 1629 3214 patet
1682 3139 1941 3198 undante
1995 3139 2191 3211 fumo,-

270 3232 420 3290 nube
465 3248 567 3291 ceu
619 3231 800 3290 densa
855 3230 1070 3289 obsitus
1126 3231 1249 3287 ater
1292 3228 1506 3301 favilla
1548 3228 1771 3300 squalet
1813 3227 2010 3285 Iliaca
2054 3227 2190 3285 dies.

216 3316 220 3320 ⁴
272 3315 618 3393 Propertius
662 3337 785 3395 1111,
836 3321 901 3394 1,
957 3317 1036 3376 31
1089 3334 1176 3391 sq.
1271 3319 1471 3390 exiguo
1524 3332 1781 3376 sermone
1832 3316 1988 3389 fores
2038 3331 2193 3372 numo

271 3406 436 3465 Ilion
471 3411 524 3465 et
557 3412 620 3467 tu
657 3407 837 3467 Troia
872 3408 962 3467 bis
1001 3403 1194 3465 Oetaei
1227 3407 1466 3466 numine
1507 3408 1677 3479 capta
1712 3405 1822 3464 dei.
1892 3401 2193 3460 Nimirum
