2514 3950
335 119 458 185 170
1074 118 1498 175 SATIRARVM
2112 118 2260 192 [1111.

1216 320 1361 394 ml

460 453 671 519 ‘Vnde
693 455 760 520 et
779 473 904 538 quo
929 451 1146 519 Catius
1157 451 1217 515 ‘2³
1274 450 1449 516 ‘Non
1471 451 1571 515 est
1590 447 1750 514 mihi
1769 452 2022 534 tempus
2043 450 2255 514 aventi

456 540 704 604 Ponere
749 538 936 623 signa
974 537 1159 601 novis
1202 535 1590 619 praeceptis,
1635 534 1847 618 qualia
1888 534 2146 598 vincant

457 623 871 709 Pythagoran
912 620 1237 703 Anytique
1280 640 1458 683 reum
1516 619 1898 702 doctumque
1939 617 2258 682 Platona?

458 708 825 773 ‘Peccatum
866 704 1101 786 fateor,
1147 723 1293 768 cum
1334 705 1400 766 te
1443 703 1535 767 sic
1577 705 1865 786 tempore
1907 703 2087 766 laevo

373 807 406 855 5
459 789 957 873 Interpellarim3
1003 787 1114 852 sed
1160 787 1270 852 des
1313 787 1564 852 veniam
1606 786 1812 851 bonus
1854 806 1985 851 oro,

458 874 699 949 Quodsi
742 873 1141 938 interciderit
1174 870 1294 936 tibi
1313 892 1485 936 nunc
1514 870 1784 955 aliquid,
1812 873 2059 954 repetes
2085 890 2257 954 mox,

460 958 669 1024 Sivest
708 960 975 1022 naturae
1016 956 1141 1021 hoc
1185 955 1316 1020 sive
1361 956 1545 1039 artis,
1588 956 1785 1019 mirus
1827 957 2142 1038 utroque.’

457 1043 654 1120 ‘Quin
706 1042 774 1106 id
818 1044 954 1107 erat
995 1061 1212 1124 curae,
1270 1060 1395 1125 quo
1437 1042 1625 1123 pacto
1670 1041 1901 1104 cuncta
1941 1041 2258 1123 tenerem,

455 1127 518 1192 V
594 1129 698 1192 ote
741 1148 842 1191 res
883 1129 1108 1191 tenues
1119 1175 1139 1209 ‚
1181 1125 1361 1189 tenui
1405 1144 1697 1189 sermone
1738 1126 2071 1208 peractas?

338 1226 399 1276 ιο
463 1131 625 1277 ἘἝΕ
688 1210 967 1276 hominis
1029 1229 1294 1293 nomen,
1367 1208 1590 1356 simth
1621 1210 1715 1292 et,
1787 1207 2114 1279 Romanus
2172 1228 2260 1271 an

1592 1312 1663 1357 os
1711 1297 1823 1357 es.'

459 1382 634 1465 ‘Ipsa
675 1400 921 1446 memor
961 1380 1299 1464 praecepta
1326 1399 1550 1444 canam
1563 1427 1581 1461 ,
1626 1314 1933 1441 cglabitur
1975 1379 2216 1441 auctor.

454 1465 683 1550 Longa
710 1464 950 1562 ‘quibus
993 1464 1188 1528 facies
1233 1463 1370 1527 ovis
1415 1462 1562 1546 erit,
1607 1462 1719 1525 illa
1756 1464 2076 1527 memento
2089 1509 2109 1545 ‚

455 1549 550 1614 Vt
590 1569 726 1613 sucl
767 1546 1050 1613 melioris
1092 1550 1158 1612 et
1197 1550 1273 1611 ut
1468 1547 1517 1611 's
1561 1547 1730 1610 alma
1769 1545 2087 1628 rotundis,

455 1632 733 1697 Ponere:
776 1651 1050 1713 namque
1076 1651 1319 1695 marem
1347 1650 1424 1694 co
1477 1631 1651 1695 ‘bent
1678 1630 1914 1695 callosa
1947 1628 2263 1728 vitellum.
2375 1703 2382 1709 ,

336 1729 397 1779 15
466 1715 662 1782 Caule
706 1715 1067 1781 suburbano
1112 1714 1221 1797 qui
1267 1714 1451 1779 siccis
1495 1715 1695 1780 crevit
1735 1715 1806 1780 in

456 1799 754 1884 Dulcior,
797 1800 1052 1885 inriguo
1095 1798 1259 1864 nihil
1303 1800 1402 1864 est
1443 1799 1673 1864 elutius
1715 1799 1924 1864 hort0.

459 1884 528 1950 Si
569 1906 678 1950 ves
724 1885 968 1950 ertinus
1011 1884 1222 1949 subito
1267 1886 1332 1948 te
1373 1884 1762 1969 oppresserit
1800 1883 2035 1968 hospes
2048 1932 2066 1966 ‚

455 1969 559 2037 Ne
599 1907 842 2056 gallina
882 1968 1121 2035 malum
1163 1971 1499 2054 responset
1540 1967 1697 2033 dura
1846 1969 1981 2053 ato,

455 2053 701 2119 Doctus
746 2054 870 2119 eris
912 2054 1123 2119 vivam
1162 2056 1376 2118 musto
1418 2074 1696 2119 mersare
1793 2054 2043 2118 alerno:

330 2151 399 2201 20
459 2138 601 2202 Hoc
654 2140 940 2201 teneram
992 2137 1205 2201 faciet.
1294 2137 1705 2203 Pratensibus
1748 2138 1992 2221 optima
2040 2136 2265 2222 fungis

455 2220 521 2288 N
522 2223 791 2306 aturast3
837 2220 979 2285 aliis
1021 2221 1188 2285 male
1232 2220 1528 2287 creditur.
1614 2221 1734 2287 Ille
1778 2221 2060 2287 salubres

455 2305 753 2370 Aestates
795 2307 1091 2391 peraget,
1137 2304 1245 2389 qui
1288 2304 1490 2389 nigris
1532 2306 1800 2389 prandia
1839 2306 2037 2370 moris

456 2388 699 2472 Finiat,
745 2391 894 2453 ante
935 2410 1197 2475 gravem
1240 2409 1400 2473 quae
1443 2390 1674 2475 legerit
1714 2390 1939 2455 arbore
1982 2389 2203 2456 solem.

456 2472 748 2538 Aufidius
792 2472 947 2536 forti
989 2473 1301 2539 miscebat
1341 2474 1533 2539 mella
1574 2473 1877 2559 Falerno,

329 2570 396 2622 25
457 2556 764 2621 Mendose
774 2605 792 2639 ‚
840 2558 1141 2638 quoniam
1183 2559 1399 2622 vacuis
1442 2558 1817 2624 conmittere
1858 2560 2038 2625 venis

455 2640 569 2707 Nil
611 2639 739 2706 nisi
781 2641 924 2705 lene
966 2641 1177 2706 decet:
1222 2641 1355 2705 leni
1396 2642 1768 2725 praecordia
1806 2644 2015 2708 mulso

456 2724 775 2791 Prolueris
818 2726 1064 2791 melius.
1153 2723 1221 2790 Si
1266 2725 1423 2789 dura
1463 2727 1815 2793 morabitur
1857 2728 2064 2810 alme,

456 2808 723 2874 Mitulus
768 2812 834 2876 et
874 2811 1030 2876 viles
1072 2809 1319 2894 pellent
1360 2809 1680 2875 obstantia
1722 2813 2003 2878 conchae

455 2892 545 2956 Et
585 2893 830 2989 lapathi
872 2895 1080 2961 brevis
1121 2894 1352 2978 herba,
1396 2894 1507 2959 sed
1550 2895 1696 2961 albo
1738 2917 1873 2961 non
1916 2897 2054 2962 sine
2095 2895 2273 2965 Coo,

332 2988 401 3040 30
465 2975 741 3040 Lubnca
779 2982 1116 3043 nascentes
1159 2980 1413 3063 inplent
1454 2979 1787 3063 conchylia
1828 2981 2044 3066 lunae3

460 3058 585 3125 Sed
624 3081 757 3124 non
800 3080 988 3126 omne
1028 3066 1269 3127 marest
1355 3084 1657 3130 enerosae
1698 3064 1910 3129 fertile
1951 3067 2189 3133 testae:

456 3143 698 3208 Murice
739 3143 983 3209 Baiano
1023 3145 1253 3211 melior
1347 3148 1568 3213 ucrina
1608 3149 1875 3233 peloriS‚

458 3227 686 3293 Ostrea
729 3227 968 3294 Circeis
980 3279 1000 3314 ,
1044 3228 1295 3296 Miseno
1341 3232 1631 3296 oriuntur
1675 3232 1916 3318 echini,

451 3311 821 3378 Pectinibus
863 3314 1100 3397 patulis
1144 3314 1341 3380 iactat
1383 3337 1451 3381 se
1494 3317 1687 3382 molle
1730 3315 2095 3383 Tarentum.

328 3407 392 3457 35
455 3394 522 3461 N
524 3417 596 3461 ec
639 3396 761 3462 sibi
805 3418 1103 3464 cenarum
1155 3400 1360 3483 quivis
1401 3402 1640 3466 temere
1682 3405 1938 3488 arroget
1978 3405 2192 3469 artem
2205 3453 2226 3492 ,

1643 3699 1668 3768 ι.
