2514 3950
320 152 448 219 204
1019 152 1532 210 mmmmm
2111 149 2276 223 [XV.

448 319 557 385 Me
599 318 755 383 facit
796 315 1104 400 invisum,
1147 316 1361 402 gelida
1403 336 1547 380 cum
1588 314 1846 399 perluor
1887 312 2063 379 unda

385 419 421 467 ε»
448 404 575 469 Per
615 403 898 468 medium
938 402 1164 486 frigus.
1254 399 1420 465 Sane
1462 401 1738 464 murteta
1779 398 2057 482 relinqui

451 487 767 574 Dictaque
811 488 1168 552 cessantem
1208 485 1423 550 nervis
1467 483 1701 549 elidere
1740 481 2038 547 morbum

451 572 711 638 Sulfura
753 570 1077 636 contemni
1150 568 1326 634 vicus
1368 569 1597 654 gemit,
1642 566 1896 631 invidus
1940 566 2152 651 aegris
2165 614 2186 649 ‚

454 657 578 733 Qui
600 658 792 754 caput
808 657 873 719 et
900 652 1300 719 stomachum
1329 673 1687 736 supponere
1715 651 2003 716 fontibus
2024 650 2278 715 audent

454 739 763 822 Clusinis,
808 738 1173 821 Gabiosque
1214 739 1445 821 petunt
1487 739 1553 800 et
1589 735 1827 821 frig-ida
1866 756 2034 800 rura.

357 839 424 889 10
451 820 800 889 Mutandus
843 824 1022 887 locus
1065 824 1167 887 est
1208 824 1275 886 et
1316 820 1678 886 deversoria
1719 822 1874 885 nota

452 906 1002 992 Praeteragendus
1047 927 1264 990 equus.
1353 905 1517 981 ‘Quo
1545 904 1769 1054 (tiendis
1783 904 1818 967 Ῥ
1904 903 2059 970 Non
2099 902 2275 968 mihi

738 1035 750 1053 ,
1598 1010 1778 1053 umas

453 1077 577 1142 Est
616 1077 740 1142 iter
782 1078 895 1141 aut
934 1075 1152 1141 Baias'
1197 1076 1381 1139 laeva
1425 1073 1865 1139 stomachosus
1906 1071 2162 1136 habena

453 1161 644 1226 Dicet
686 1182 905 1246 eques3
952 1160 1064 1225 sed
1107 1160 1287 1243 equis
1331 1159 1646 1223 frenatost
1687 1157 1858 1223 auris
1901 1157 1971 1221 in
2014 1157 2189 1242 ore);

453 1246 663 1310 Maior
704 1248 918 1309 utrum
949 1244 1269 1341 populum
1309 1242 1615 1308 frumenti
1659 1242 1846 1326 copia
1887 1243 2133 1324 pascat,

358 1343 422 1393 15
453 1330 858 1400 Collectosne
899 1328 1127 1393 bibant
1166 1327 1404 1392 imbres
1445 1329 1756 1411 puteosne
1797 1346 2110 1409 perennes

455 1414 879 1499 Iugimquae
923 1414 1105 1496 (nam
1146 1412 1299 1477 vina
1338 1411 1506 1476 nihil
1545 1432 1762 1475 moror
1803 1410 1977 1473 illius
2020 1430 2196 1474 orae.

455 1498 628 1563 Rure
669 1519 814 1561 meo
856 1518 1120 1581 possum
1163 1496 1413 1579 quidvis
1456 1496 1738 1579 perferre
1826 1494 2065 1578 atique3

455 1581 562 1645 Ad
603 1602 778 1645 mare
822 1602 968 1645 cum
1008 1580 1185 1663 veni,
1238 1601 1623 1665 generosum
1674 1582 1740 1644 et
1818 1599 1936 1643 ene
1978 1578 2272 1662 requiro,

459 1665 645 1741 Quod
688 1685 872 1729 curas
916 1663 1162 1749 abigat,
1208 1664 1381 1747 quod
1424 1685 1569 1728 cum
1613 1685 1726 1747 spe
1770 1662 1962 1727 divite
2005 1666 2231 1727 manet

356 1762 426 1813 20
452 1748 534 1813 In
561 1770 755 1813 venas
786 1748 1194 1832 animumque
1222 1769 1437 1813 meum
1449 1798 1468 1833 ,
1506 1748 1676 1833 quod
1702 1748 1898 1812 verba
1924 1746 2272 1830 ministret,

458 1833 645 1909 Quod
685 1854 790 1898 me
831 1832 1129 1898 Lucanae
1178 1833 1474 1899 iuvenem
1517 1832 1920 1898 commendet
1960 1831 2271 1918 amicae);

457 1917 723 1984 Tractus
765 1921 907 1984 uter
947 1919 1162 2003 plures
1205 1918 1484 2003 lepores,
1527 1920 1671 1984 uter
1712 1916 1939 1983 educet
1980 1936 2201 2001 apros3

455 2001 621 2068 Vtra
662 2003 867 2088 magis
910 2004 1119 2086 pisces
1164 2005 1229 2067 et
1271 2003 1532 2068 echinos
1577 2023 1851 2086 aequora
1892 2001 2127 2083 celent,

458 2086 533 2151 P·
678 2088 727 2152 ‘s
754 2090 828 2152 ut
854 2087 1004 2150 inde
1033 2088 1295 2151 domum
1335 2087 1579 2172 possim
1607 2085 1985 2170 Phaeaxque
2011 2085 2271 2169 reverti,

358 2183 426 2233 25
459 2169 599 2236 Scri
645 2191 749 2234 ere
791 2173 857 2233 te
900 2170 1088 2234 nobis
1106 2219 1126 2254 ,
1171 2170 1294 2234 tibi
1333 2193 1455 2236 nos
1498 2171 1835 2236 adcredere
1876 2191 1993 2253 par
2034 2171 2148 2234 est.

457 2253 769 2337 Maenius,
796 2256 868 2318 ut
903 2253 1093 2318 rebus
1134 2256 1442 2320 maternis
1487 2258 1676 2339 atque
1718 2254 2003 2339 paternis

456 2337 735 2403 Fortiter
776 2338 1131 2422 absumptis
1173 2339 1455 2404 urbanus
1500 2339 1714 2423 coepit
1754 2338 2007 2420 haberi,

460 2421 691 2486 Scurra
730 2444 960 2507 vaguS,
1015 2444 1151 2487 non
1193 2424 1304 2508 qui
1347 2426 1589 2489 certum
1643 2443 1947 2507 praesepe
1988 2424 2272 2507 teneret,

457 2505 810 2588 Inpransus
851 2527 989 2570 non
1031 2507 1141 2590 qui
1185 2508 1388 2573 civem
1430 2509 1837 2593 dignosceret
1852 2559 1857 2563 .
1875 2507 2062 2570 hoste
2076 2554 2096 2588 ,

359 2602 428 2653 80
456 2588 793 2664 Quaelibet
834 2589 906 2654 in
948 2593 1232 2673 quemvis
1278 2593 1624 2676 opprobria
1663 2592 1905 2677 fingere
1949 2610 2209 2674 saevus,

454 2672 780 2739 Pernicies
825 2676 890 2739 et
928 2676 1278 2758 tempestas
1320 2676 1814 2759 barathrumque
1857 2674 2142 2757 macelli,

459 2756 784 2842 Quidquid
829 2759 1186 2842 quaesierat
1227 2759 1438 2823 ventri
1480 2759 1748 2824 donaret
1789 2780 1999 2823 avaro,

455 2840 612 2925 Hic,
655 2843 768 2906 ubi
810 2843 1134 2927 nequitiae
1174 2843 1531 2908 fautoribus
1577 2846 1643 2908 et
1681 2843 1924 2907 timidis
1965 2843 2062 2906 nil

456 2924 593 2990 Aut
631 2927 921 3009 paullum
963 2927 1341 3010 abstulerat,
1385 2927 1641 3010 patinas
1686 2928 1956 2992 cenabat
1996 2928 2210 2992 omasi

357 3019 426 3071 35
462 3007 619 3072 Vilis
664 3013 731 3072 et
771 3011 1076 3094 agninae,
1117 3010 1323 3073 tribus
1365 3011 1529 3075 ursis
1575 3011 1746 3095 quod
1789 3011 1944 3076 satis
1989 3013 2193 3096 esset3

457 3091 717 3156 Scilicet
758 3096 833 3156 ut
874 3097 1127 3158 ventres
1180 3093 1398 3158 lamna
1440 3094 1751 3160 candente
1792 3096 2102 3178 nepotum

455 3175 718 3241 Diceret
758 3176 1036 3242 urendos
1082 3181 1401 3243 corrector
1441 3178 1715 3243 Bestius.
1803 3178 2013 3260 Idem,

456 3260 779 3345 Quidquid
823 3264 961 3326 erat
1000 3265 1228 3326 nactus
1271 3263 1541 3359 praedae
1584 3264 1845 3328 maioris
1856 3312 1876 3346 ,
1922 3261 2035 3327 ubi
2079 3282 2287 3332 omne

453 3344 753 3411 Verterat
772 3345 844 3409 in
870 3345 1120 3410 fumum
1143 3348 1208 3409 et
1231 3368 1528 3430 cinerem,
1559 3352 1715 3411 ‘non
1743 3346 2000 3412 hercule
2021 3346 2284 3434 miror‚’

357 3439 423 3490 4ο
452 3427 715 3514 Aiebat,
761 3429 955 3518 ‘siqui
999 3430 1344 3497 comedunt
1384 3432 1584 3516 bona,
1629 3452 1776 3497 cum
1818 3431 1904 3495 sit
1945 3430 2147 3496 obeso
