2514 3950
338 154 459 219 142
1082 156 1507 212 SATIRARVM
2174 158 2269 230 [V-

459 321 792 388 Flentibus
833 320 939 385 hic
981 319 1213 385 Varius
1257 319 1526 385 discedit
1567 322 1845 385 maestus
1890 320 2129 385 amicis.

254 460 259 465 .
459 407 618 471 Inde
662 405 883 471 Rubos
925 404 1081 469 fessi
1170 405 1556 487 ervenimus,
1601 406 1826 488 utpote
1869 405 2138 489 longum

360 505 426 555 95
459 490 808 575 Oai-pentes
850 490 974 553 iter
1017 492 1084 554 et
1152 491 1365 554 actum
1409 489 1765 572 corruptius
1809 488 2020 553 imbri.

458 575 725 641 Postera
764 576 1111 657 tempestas
1143 573 1402 656 melior,
1446 573 1553 637 via
1591 573 1774 656 peior
1816 573 1896 638 ad
1938 594 2140 657 usque

458 659 612 724 Bari
653 658 907 724 moenia
947 658 1212 742 piscosi3
1260 657 1409 722 dein
1452 656 1689 723 Gnatia
1729 657 2009 742 lymphis

459 745 649 809 Iratis
693 745 1013 808 exstructa
1057 741 1230 806 dedit
1272 743 1563 825 risusque
1604 743 1933 825 iocosque,

460 828 634 894 Dum
665 828 920 891 flamma
958 827 1096 891 sine
1133 829 1280 890 tura
1315 825 1661 910 liquescere
1703 826 1923 891 limine
1956 847 2138 891 sacro

338 926 436 977 100
462 911 849 978 Persuadere
893 911 1086 994 cupit.
1175 909 1409 976 Credat
1448 909 1719 976 Iudaeus
1762 911 2021 994 Apella,

462 998 614 1064 Non
638 1017 788 1082 ego:
812 1016 1088 1078 namque
1109 994 1263 1059 deos
1285 993 1478 1059 didici
1498 1016 1789 1062 securum
1810 1015 1997 1093 agere
2017 1016 2276 1082 aevum,

461 1082 527 1148 N
530 1103 627 1166 ec,
679 1079 884 1165 siquid
925 1080 1072 1144 miri
1114 1079 1313 1144 faciat
1351 1083 1607 1164 natura,
1654 1079 1805 1144 deos
1848 1080 1916 1144 1d

464 1167 704 1231 Tristes
750 1186 826 1229 ex
869 1164 1000 1229 alto
1046 1165 1203 1229 caeli
1247 1164 1578 1229 demittere
1620 1166 1813 1229 tecto.

462 1249 875 1316 Brundisium
917 1250 1147 1334 longae
1190 1249 1338 1313 finis
1383 1248 1761 1333 chartaeque
1804 1249 2083 1332 viaeque.

1230 1540 1355 1614 VI.

422 1744 427 1749 ,
462 1673 618 1740 Non
658 1673 832 1770 quia,
874 1672 1239 1755 Maecenas,
1271 1671 1593 1754 Lydorum
1623 1672 1927 1757 quidquid
1955 1670 2277 1738 Etruscos

464 1757 743 1822 Incolu1t
783 1756 973 1839 fines,
1017 1776 1207 1820 nemo
1250 1757 1623 1840 generosior
1656 1760 1754 1821 est
1794 1760 1859 1821 te
1868 1805 1888 1840 ,

462 1842 602 1908 Nec
646 1841 817 1925 quod
844 1862 996 1906 avus
1025 1840 1147 1905 tibi
1174 1843 1500 1905 maternus
1542 1841 1667 1905 fuit
1699 1844 1887 1926 atque
1928 1843 2280 1927 paternus,

466 1926 637 1992 Olim
680 1926 789 2012 qui
829 1925 1084 2012 magnis
1127 1925 1489 2012 legionibus
1532 1925 2000 2010 imperitarent,

393 2026 427 2076 5
469 2011 563 2077 Vt
602 2012 889 2096 plerique
933 2012 1172 2094 solent,
1215 2032 1373 2076 naso
1419 2009 1753 2094 suspendis
1797 2010 2041 2075 adunco

461 2096 762 2180 Ignotos,
804 2098 879 2159 ut
918 2100 1021 2159 me
1064 2095 1363 2160 libertino
1407 2098 1588 2179 patre
1630 2098 1873 2160 natum.

467 2180 630 2245 Cum
672 2179 907 2242 referre
951 2199 1178 2262 negas,
1225 2180 1398 2262 quali
1441 2179 1527 2243 sit
1569 2180 1834 2264 quisque
1876 2182 2142 2263 parente

462 2263 699 2346 Natus,
731 2261 882 2326 dum
908 2262 1254 2347 ingenuus:
1298 2263 1641 2347 persuades
1669 2264 1793 2328 hoc
1821 2264 1941 2328 tibi
1963 2285 2138 2346 vere,

463 2349 636 2412 Ante
678 2349 1060 2431 potestatem
1103 2345 1274 2410 Tulli
1318 2349 1507 2431 atque
1550 2348 1837 2432 ignobile
1878 2369 2151 2434 regnum

367 2448 432 2497 10
459 2432 701 2497 Multos
744 2452 931 2515 saepe
973 2431 1143 2496 viros
1185 2431 1380 2496 nullis
1424 2432 1770 2497 maioribus
1814 2435 1989 2497 ortos

463 2515 553 2581 Et
593 2515 826 2579 vixisse
867 2515 1104 2598 probos
1149 2517 1376 2599 amplis
1423 2519 1487 2581 et
1535 2516 1885 2581 honoribus
1929 2520 2181 2602 auctos3

465 2600 708 2667 Contra
747 2597 1126 2683 Laevinum,
1179 2598 1400 2664 Valeri
1440 2606 1677 2686 genus',
1731 2602 1899 2666 unde
1943 2601 2286 2686 Superbus

463 2684 845 2769 Tarquinius
888 2704 1088 2769 regno
1130 2684 1353 2767 pulsus
1396 2684 1593 2769 fugit,
1637 2686 1825 2750 unius
1868 2686 2027 2751 assis

461 2771 615 2837 Non
656 2790 958 2853 umquam
999 2768 1207 2853 pretio
1249 2768 1451 2852 pluris
1495 2769 1777 2855 licuisse3
1829 2772 2095 2835 notante

337 2868 400 2918 15
461 2856 707 2938 Iudice,
754 2876 878 2939 quo
922 2854 1126 2938 nosti,
1171 2854 1441 2937 popu10,
1487 2855 1597 2938 qui
1641 2856 1871 2919 stultus
1911 2854 2202 2920 honores

463 2939 664 3022 Saepe
708 2938 818 3003 dat
858 2938 1142 3035 indignis
1187 2941 1252 3003 et
1293 2939 1500 3003 famae
1545 2940 1739 3003 servit
1780 2940 2033 3023 ineptus
2044 2987 2063 3022 ,

463 3024 585 3099 Qui
615 3024 828 3105 stupet
867 3022 939 3086 in
979 3023 1182 3086 t1tulis
1214 3026 1278 3088 et
1319 3023 1727 3171 imaginibus.
1798 3022 1965 3099 Quid
2009 3028 2290 3107 oportet

460 3107 600 3173 Nos
643 3106 849 3169 facere
895 3126 935 3167 a
976 3107 1166 3190 volgo
1211 3108 1323 3171 lon
1371 3130 1406 3172 e
1475 3129 1767 3193 ongeque
1808 3108 2136 3172 remotos?

459 3192 752 3275 Namque
797 3191 965 3272 est0‚
1009 3190 1283 3273 populus
1377 3190 1600 3257 aevino
1646 3193 1870 3256 mallet
1908 3191 2238 3259 honorem

332 3292 400 3341 20
466 3276 673 3352 Quam
711 3272 910 3339 Decio
955 3273 1256 3339 mandare
1297 3297 1466 3341 novo
1480 3326 1499 3360 ,
1545 3297 1893 3361 censorque
1933 3284 2241 3343 moveret

459 3361 708 3445 Appius
724 3408 743 3442 ,
787 3360 1068 3443 ingenuo
1114 3358 1170 3421 si
1208 3380 1346 3424 non
1389 3382 1593 3425 essem
1633 3363 1816 3445 patre
1857 3363 2081 3426 natus:

457 3445 581 3512 Vel
601 3443 847 3525 merito,
880 3442 1180 3526 quoniam
1199 3443 1270 3507 in
1297 3445 1557 3528 propria
1576 3467 1709 3510 non
1731 3446 1899 3531 pelle
1922 3446 2291 3531 quiessem.
