2514 3950
875 187 1383 245 PROLEGOMEN
1384 190 1449 244 A.
1939 191 2121 247 XXXI

332 337 407 398 In
444 338 833 414 sequentibus
870 356 1074 398 merae
1107 339 1411 412 tenebrae,
1445 337 1564 399 nisi
1601 339 1928 416 scripseris,
1964 342 2123 418 quod

207 427 454 488 coniecit
504 427 705 487 nescio
752 425 911 502 quia,
966 428 1069 488 sed
1121 430 1381 487 comitem
1435 429 1696 502 abneyat.
1785 428 1991 489 Manet
2034 431 2121 489 ifi-

206 515 422 575 mirum
455 515 634 575 Fides
668 515 732 574 in
768 516 1002 576 iacente
1037 516 1209 592 regia
1245 512 1323 591 [c.
1350 534 1394 591 1,
1424 518 1526 591 37,
1559 513 1692 592 25],
1729 534 1864 576 cum
1899 519 2121 594 vulgus

205 603 453 663 infidum
497 604 672 663 cedat
714 606 894 664 retr0.

331 710 374 763 1,
414 694 517 770 37,
558 694 659 765 23,
698 693 785 752 24
828 709 933 752 nec
974 693 1212 752 latentes
1257 693 1439 752 classe
1483 694 1600 753 cita
1633 695 1936 768 reparavit
1968 712 2120 755 oras.

205 781 428 841 Locum
470 781 736 840 nondum
772 781 919 840 satis
958 780 1303 857 expeditum
1335 781 1554 842 vellem
1590 781 1763 845 obelo
1799 784 2121 843 notassem.

207 868 486 930 Ceterum
521 869 680 945 quod
706 868 1040 929 Meinekius
1078 869 1460 929 scribendum
1495 887 1625 930 esse
1660 870 1911 930 coniecit
1938 864 2122 930 ‘solli-

206 958 388 1018 citare
433 957 675 1034 paravit
718 951 899 1035 oras’,
953 975 1086 1018 cum
1138 958 1478 1018 sententiae
1520 959 1744 1034 optime
1789 958 2122 1035 conveniat,

206 1046 462 1106 similem
516 1049 724 1105 tamen
778 1046 1043 1105 numeris
1100 1045 1268 1106 illius
1330 1047 1620 1106 alcaicum
1678 1048 2124 1125 decasyllabum

205 1134 362 1209 apud
406 1133 729 1193 Horatium
769 1133 998 1193 frustra
1043 1134 1430 1209 quaesiveris.

333 1240 377 1298 1,
425 1223 526 1297 38,
573 1222 632 1280 6.
686 1221 934 1280 Retinui
968 1220 1264 1283 librorum
1300 1221 1658 1296 scripturam
1701 1223 1934 1283 sedulas
1969 1241 2123 1284 caro.

158 1336 161 1337 ⁷
203 1308 476 1368 Videnda
505 1309 898 1385 Mein..praef.
926 1327 1028 1386 pg.
1062 1311 1142 1368 11
1176 1312 1238 1369 et
1264 1309 1505 1368 Lachm.
1533 1326 1741 1369 comm.
1768 1309 1945 1370 Lucr.
1975 1312 2121 1370 362.

334 1395 399 1458 C.
433 1416 501 1474 11,
540 1402 599 1472 1,
636 1398 723 1458 30
758 1415 907 1472 qaae
940 1402 1111 1458 caret
1143 1413 1261 1457 ora
1299 1413 1525 1458 eruore
1558 1399 1807 1473 nostro?
1847 1398 2127 1474 displicet

201 1486 616 1561 rhotacismUS,
660 1498 838 1563 quem
881 1489 1087 1545 tamen
1127 1486 1329 1546 nescio
1377 1504 1455 1545 an
1500 1486 1772 1546 consulto
1813 1486 2127 1548 admiserit

201 1575 257 1633 h.
304 1574 345 1635 l.
390 1573 537 1634 Hor.

330 1681 396 1740 11,
433 1664 490 1740 2,
530 1663 795 1722 23-24
830 1663 1093 1736 quisquis
1125 1663 1381 1737 inqentes
1416 1664 1578 1723 oealo
1611 1665 1884 1724 inretorto
1911 1669 2127 1738 spectat

202 1767 450 1812 acervos.
541 1750 816 1810 Tibullus
859 1750 964 1809 lib.
1010 1769 1035 1809 1
1084 1746 1149 1825 [1
1166 1795 1182 1824 ,
1231 1747 1344 1826 77]
1403 1768 1502 1825 eyo
1558 1754 1845 1825 conposito
1890 1769 2126 1814 securas

202 1856 421 1900 acervo.
503 1838 795 1898 Similiter
840 1839 1023 1897 etiam
1057 1837 1335 1898 Lucanus
1372 1838 1474 1898 lib.
1513 1858 1553 1899 v
1601 1835 1788 1915 [753]
1835 1846 2127 1914 comestae

191 1928 461 2003 pondera
492 1944 743 1988 massae.
815 1924 1191 2002 Quamquam
1225 1926 1542 1987 fatendum
1574 1927 1661 1986 ibi
1698 1928 1957 2004 quinque
1994 1947 2124 1990 ver-

203 2016 369 2075 sibus
415 2016 557 2075 ante
612 2016 676 2074 et
718 2013 952 2073 duobus
1004 2016 1144 2088 post
1198 2031 1505 2073 occurrere
1560 2018 1698 2074 auri
1750 2016 2126 2079 vocabulum.

203 2102 479 2178 Quisquis
521 2102 788 2179 positum
829 2119 940 2177 pro
983 2102 1193 2174 siquis,
1239 2104 1311 2161 ut
1353 2120 1452 2177 m,
1498 2104 1611 2180 24,
1659 2103 1741 2163 25
1788 2120 1823 2162 o
1867 2106 2127 2178 quisquis

199 2192 349 2252 volet
389 2193 614 2266 inpias,
660 2188 768 2250 ubi
810 2189 967 2249 male
1010 2189 1323 2249 Bentleius
1370 2193 1499 2264 qm's
1543 2192 1690 2265 quis.

332 2298 406 2356 11,
453 2281 520 2355 3,
571 2281 651 2340 16
701 2283 836 2340 arta
878 2278 1104 2338 Peerlc.

331 2387 405 2442 11,
452 2371 519 2443 4,
581 2370 715 2427 9-
732 2369 832 2428 12.
945 2334 1457 2443 Adstipulandum
1524 2367 1646 2426 iam
1713 2370 1861 2443 puto
1924 2368 2126 2428 Peerl-

198 2456 459 2535 eampi0,
506 2456 611 2534 qui
653 2457 766 2515 hos
809 2474 906 2516 vv.
952 2451 1123 2515 iubet
1167 2454 1382 2532 deleri3
1427 2454 1500 2515 cf.
1535 2456 1672 2516 lect.
1707 2456 1855 2517 Hor.
1895 2459 2043 2519 697.

335 2548 405 2620 4,
450 2546 519 2621 43
581 2545 692 2618 16,
740 2545 824 2604 29
869 2541 1169 2605 Achillem.
1260 2543 1579 2603 Horatium
1629 2544 1694 2603 in
1737 2544 1942 2621 lyricis
1990 2565 2126 2605 cum

200 2632 581 2695 Graecanicis
617 2631 820 2707 potius
854 2630 1220 2692 Graecorum
1255 2632 1610 2693 flexionibus
1648 2632 1954 2694 studuisse
1990 2652 2126 2694 con-

199 2723 343 2799 stet,
386 2720 798 2798 reponendum
839 2719 1080 2781 videtur
1123 2718 1405 2781 Achillen.

333 2829 406 2885 11,
458 2814 525 2885 6,
571 2812 609 2870 5
659 2828 785 2886 sqq.
856 2808 1041 2870 Tibur
1074 2806 1271 2884 Aryeo
1302 2811 1563 2884 positam
1607 2809 1801 2869 colono
1846 2810 1925 2868 sit
1962 2826 2126 2870 meae

196 2900 363 2960 sedes
405 2901 633 2959 utinam
675 2900 945 2967 senectae,
996 2900 1074 2959 sit
1114 2898 1322 2958 modus
1365 2898 1518 2958 lasso
1561 2899 1750 2957 maris
1795 2900 1848 2956 et
1888 2899 2124 2960 viarwm

195 2989 565 3063 militiaeque.
636 2986 729 3048 Sit
761 2988 964 3048 domus
997 2985 1445 3061 Peerlcampius
1482 2988 1545 3046 et
1578 2985 1931 3046 Meinekius.
2007 2986 2123 3046 Sed

194 3078 454 3154 languet
487 3074 642 3135 illud
676 3077 882 3136 domus
914 3068 1642 3152 proptererauroxossiav.
1711 3074 1960 3134 Ferrem
1995 3074 2123 3134 sine

198 3165 527 3225 offensione
580 3167 651 3224 ut
701 3167 851 3242 puta
902 3165 1026 3224 tale
1080 3166 1158 3225 sit
1207 3164 1368 3224 sedes
1422 3168 1476 3223 et
1526 3164 1755 3230 domm,
1817 3166 1891 3222 ut
1943 3180 2122 3238 saepe

197 3252 422 3313 similia
467 3253 632 3313 alibi.
727 3253 808 3313 At
862 3252 1142 3329 displicet
1191 3251 1509 3311 mirificum
1560 3252 1625 3309 in
1665 3250 1919 3310 >modum
1963 3250 2123 3310 idem

199 3340 415 3400 addita
469 3338 878 3421 ἐπαναφορᾷ,
943 3360 1052 3401 nec
1110 3342 1257 3418 puto
1303 3341 1707 3415 tolerandum,
1752 3339 1817 3398 in
1861 3338 2123 3398 carmine

190 3429 562 3508 praesertim
635 3431 841 3508 lyrico.
960 3430 1220 3490 Firmari
1291 3431 1492 3490 autem
1564 3429 1878 3506 vulgatam
1940 3445 2123 3488 versu
