2514 3950
362 168 484 232 152
1103 170 1529 226 sATfflARVu
2194 169 2277 242 [x.

483 334 662 398 Dura
703 333 824 399 tibi
913 333 1232 419 eragenda
1273 334 1367 398 rei
1410 334 1494 397 sit
1537 353 1728 397 causa
1768 331 2028 396 Petilli?

486 417 744 483 Scilicet
786 418 868 483 ob
901 419 1020 483 ‘tos
1062 419 1432 502 patriaeque
1476 418 1798 501 patrisque
1840 415 2086 498 Latini,

486 501 650 568 Cum
692 501 923 567 Pedius
969 523 1193 567 causas
1238 501 1502 565 exsudet
1541 500 1874 583 Poplicola
1915 502 2103 583 atque

487 586 829 670 Corvinus,
873 587 1098 669 patriis
1141 586 1575 650 intermiscere
1615 585 1820 669 petita

359 685 428 734 30
491 669 705 735 Verba
745 671 903 735 foris
946 670 1165 753 malis,
1196 668 1503 735 Canusini
1544 689 1721 734 more
1764 666 2112 753 bilinguis?

486 755 698 838 Atque
723 775 844 838 ego
868 775 1013 818 cum
1035 752 1313 818 Graecos
1338 753 1641 836 facerem,
1673 755 1864 817 natus
1893 773 2068 816 mare
2092 751 2283 835 citra,

484 838 850 903 Versiculos
864 887 882 920 ,
929 837 1133 902 vetuit
1172 859 1278 902 me
1317 838 1434 901 tali
1476 857 1632 902 voce
1677 837 2008 920 Quirinus,

485 921 645 987 Post
684 922 960 986 mediam
1000 926 1259 987 noctem
1301 922 1504 1005 visus,
1558 942 1703 986 cum
1746 921 1995 986 somnia
2035 940 2211 984 vera:

488 1005 592 1070 ‘In
635 1006 861 1070 silvam
902 1027 1036 1070 non
1078 1007 1260 1091 ligna
1301 1006 1469 1070 feras
1512 1006 1829 1088 insanius,
1871 1026 1947 1070 ac
1993 1005 2049 1068 si

359 1103 424 1152 85
453 1091 461 1099 '
488 1090 761 1175 Magnas
806 1089 1195 1156 Graecorum
1236 1090 1425 1155 malis
1468 1091 1713 1174 inplere
1756 1092 2087 1155 catervas?

486 1174 805 1259 'Purgidus
833 1175 1110 1259 Alpinus
1152 1176 1403 1260 iugulat
1444 1175 1595 1239 dum
1625 1174 1971 1239 Memnona
2011 1172 2286 1255 dumque

485 1258 778 1344 Defingit
814 1257 1025 1323 Rheni
1066 1260 1309 1323 luteum
1353 1262 1573 1342 caput,
1617 1258 1777 1323 haec
1820 1279 1940 1342 ego
1984 1256 2132 1320 ludo
2145 1305 2164 1338 ,

488 1342 663 1418 Quae
691 1364 897 1426 neque
925 1343 996 1407 in
1025 1340 1180 1406 aede
1209 1345 1443 1407 sonent
1470 1343 1780 1406 certantia
1809 1341 2017 1405 iudice
2045 1339 2286 1422 Tarpa,

486 1426 624 1492 Nec
637 1426 901 1491 redeant
920 1427 1151 1491 iterum
1170 1429 1361 1511 atque
1388 1428 1619 1492 iterum
1637 1426 1984 1511 spectanda
1997 1424 2283 1488 theatris,

358 1524 426 1572 40
488 1512 740 1596 Arguta
781 1511 1111 1575 meretrice
1153 1514 1337 1594 potes
1379 1510 1683 1594 Davoque
1729 1509 2067 1576 Chremeta

486 1593 806 1659 Eludente
849 1615 1066 1658 senem
1110 1615 1322 1659 comes
1352 1596 1594 1680 garrire
1637 1595 1888 1659 libellos

485 1677 671 1741 Vnus
713 1678 1031 1762 vivorum,
1076 1679 1400 1764 Fundani3
1452 1679 1634 1743 Polio
1678 1700 1904 1763 regum

486 1762 683 1826 Facta
726 1762 903 1827 canit
940 1763 1101 1847 pede
1146 1767 1244 1829 ter
1287 1783 1615 1848 percuss03
1660 1763 1825 1827 forte
1870 1784 1904 1826 e
1951 1782 2022 1826 os
2066 1782 2240 1843 acer,

486 1845 578 1911 Vt
619 1868 838 1931 nemo,
884 1846 1117 1912 Varius
1163 1848 1367 1932 ducit3
1410 1848 1605 1911 molle
1649 1849 1839 1931 atque
1911 1849 2159 1910 acetum

361 1942 429 1994 45
494 1929 783 2018 Vergilio
828 1932 1186 1997 adnuerunt
1226 1931 1579 2017 gaudentes
1621 1952 1767 1997 rure
1812 1929 2148 1996 Camenae.

485 2014 628 2080 Hoc
673 2019 839 2100 erat,
887 2021 1145 2100 experto
1189 2016 1429 2079 frustra
1470 2015 1762 2080 Varrone
1802 2015 2076 2079 Atacino

481 2100 695 2185 Atque
772 2100 1149 2183 quibusdam
1227 2100 1397 2183 aliis,
1475 2099 1701 2163 melius
1779 2098 1948 2182 quod
2014 2098 2293 2162 scribere

1621 2204 1830 2247 ossem

486 2261 842 2333 Inventore‘
870 2266 1109 2362 minor}
1154 2286 1361 2349 neque
1406 2287 1440 2330 e
1488 2287 1526 2330 o
1575 2268 1589 2279 '
1649 2267 1663 2279 ⁶
1710 2233 2038 2331 detrahere
2082 2266 2293 2329 ausim

484 2351 872 2415 Haerentem
918 2351 1114 2433 capiti
1158 2371 1303 2414 cum
1344 2372 1454 2414 mu
1478 2352 1546 2414 ta
1587 2350 1774 2415 laude
1819 2371 2137 2416 coronam.

359 2449 426 2497 50
488 2436 580 2498 At
623 2434 754 2498 dixi
794 2434 989 2498 fluere
1031 2433 1203 2499 hunc
1246 2435 1660 2519 lutulentum,
1706 2456 1893 2519 saepe
1935 2435 2247 2499 ferentem

485 2517 680 2583 Plura
714 2518 969 2601 quidem
1000 2518 1286 2583 tollenda
1322 2518 1778 2604 relinquendis,
1833 2519 1976 2603 Age
2029 2538 2270 2601 quaeso

485 2601 584 2665 Tu
626 2601 789 2665 nihil
842 2602 912 2664 in
953 2623 1189 2687 magno
1235 2604 1460 2668 doctus
1503 2602 1913 2685 reprehendis
1955 2567 2296 2666 ficmeroff

483 2685 597 2751 Nil
645 2686 843 2750 comis
887 2688 1117 2772 tragici
1157 2691 1364 2751 mutat
1405 2687 1686 2761 Lucilius
1719 2689 1880 2752 Acci
1892 2737 1910 2768 ‚

483 2769 638 2835 Non
678 2770 845 2835 ridet
886 2791 1105 2835 versus
1146 2771 1323 2835 Enni
1364 2771 1679 2855 gravitate
1723 2773 2031 2852 minores,

356 2868 422 2918 55
490 2853 654 2919 Cum
697 2854 773 2918 de
819 2876 887 2919 se
930 2855 1212 2939 loquitur
1253 2875 1389 2918 non
1437 2858 1511 2917 ut
1552 2854 1792 2918 maiore
1833 2852 2202 2938 reprensis‘?

482 2938 649 3014 Quid
691 2941 866 3003 vetat
909 2942 973 3003 et
1014 2941 1270 3002 nosmet
1310 2937 1517 3002 Lucili
1561 2939 1799 3022 scripta
1841 2939 2130 3022 legentes

485 3022 827 3106 Quaerere,
872 3044 1029 3087 num
1070 3022 1271 3104 illius,
1315 3042 1471 3085 num
1513 3043 1725 3087 rerum
1768 3022 1926 3086 dura
1966 3021 2223 3106 negarit

481 3106 847 3171 Versiculos
889 3108 1120 3169 natura
1161 3127 1227 3168 m
1320 3106 1334 3119 ‘
1411 3106 1617 3171 factos
1662 3110 1727 3171 et
1769 3108 1991 3171 euntes

482 3190 777 3274 Mollius‚
822 3210 897 3253 ac
926 3190 1127 3272 siquis
1168 3210 1250 3274 pe
1303 3190 1439 3254 ‘bus
1483 3190 1635 3275 quid
1671 3191 1966 3255 claudere
2010 3189 2214 3272 senis„

355 3287 422 3337 60
485 3273 628 3338 Hoc
670 3275 924 3337 tantum
968 3275 1337 3358 contentus,
1396 3280 1566 3339 amet
1608 3275 1938 3358 scripsisse
1981 3273 2302 3337 ducentos

481 3359 655 3421 Ante
702 3358 914 3420 cibum
957 3376 1176 3423 versus
1189 3407 1208 3442 ‚
1253 3359 1522 3424 totidem
1568 3362 1861 3423 cenatust
1935 3356 2194 3423 Etrusci
2305 3387 2310 3390 ·

483 3439 683 3515 Quale
725 3440 852 3504 fuit
895 3440 1076 3506 Cassi
1118 3442 1342 3526 rapido
1386 3443 1736 3507 ferventius
1780 3444 1954 3507 amni
