2514 3950
284 185 373 261 [1.]
1107 184 1321 241 mmm
1361 184 1406 243 1.
2092 177 2215 245 125

283 350 401 415 Ille
525 371 706 415 avem
749 348 906 414 duro
949 350 1184 414 terram
1228 348 1339 432 qui
1380 348 1571 413 vertit
1612 349 1820 413 aratro
1834 397 1853 431 ,

284 433 452 500 Perfi
494 456 570 500 us
612 434 717 499 hic
763 454 992 518 caupn,
1035 433 1250 516 miles,
1295 435 1647 517 nautaeque
1688 454 1803 516 per
1847 453 2035 497 omne

287 519 576 583 Audaces
618 540 792 582 mare
837 517 946 602 qui
989 519 1254 582 cummt
1263 565 1282 600 ‚
1337 516 1458 582 hac
1499 519 1714 581 mente
1756 516 2042 581 laborem
2146 528 2212 579 3⁰

287 602 437 668 Sese
477 603 674 686 ferre,
719 623 902 677 senes
946 605 1019 667 ut
1059 603 1130 667 in
1174 602 1307 666 otia
1347 604 1487 666 tuta
1527 600 1854 683 recedant,

285 688 520 770 Aiunt,
568 708 713 752 cum
756 686 880 751 sibi
923 687 1055 751 sint
1098 688 1404 772 congesta
1439 685 1702 751 cibaria:
1748 686 1914 750 sicut

284 771 584 854 Parvola,
628 793 779 837 nam
823 771 1206 856 exemplost‚
1249 770 1471 855 magni
1512 770 1782 835 formica
1823 770 2060 835 laboris

286 856 411 921 Ore
454 855 653 919 trahit
685 855 1123 939 quodcumque
1164 858 1381 940 potest
1408 858 1598 938 atque
1628 854 1805 919 addit
1832 875 2055 920 acervo
2068 903 2086 937 ‚

286 940 491 1015 Quem
534 939 751 1021 struit,
791 938 965 1002 haud
1006 939 1233 1025 ignara
1261 961 1335 1004 ac
1363 959 1498 1002 non
1538 939 1795 1004 incauta
1836 938 2053 1003 futuri.
2146 949 2213 1000 35

287 1024 493 1105 Quae,
538 1022 728 1084 simul
754 1022 1076 1087 inversum
1106 1023 1443 1087 contristat
1468 1024 1790 1105 Aquarius
1818 1045 2086 1108 annum,

286 1106 441 1171 Non
481 1126 751 1188 usquam
791 1105 1078 1188 prorepit
1120 1107 1187 1168 et
1225 1106 1356 1168 illis
1399 1106 1599 1169 utitur
1642 1110 1789 1171 ante

290 1188 607 1264 Quaesitis
652 1188 905 1273 sapiens
917 1237 937 1273 ‚
981 1209 1127 1253 cum
1168 1191 1233 1253 te
1276 1210 1482 1273 neque
1524 1189 1802 1253 fervidus
1846 1194 2056 1255 aestus

288 1272 642 1338 Demoveat
669 1273 867 1357 lucr0‚
895 1294 1101 1356 neque
1128 1272 1353 1356 hiems,
1388 1273 1578 1358 igniS,
1607 1294 1799 1356 mare,
1829 1274 2100 1356 ferrum,

286 1358 399 1422 Nil
443 1357 655 1422 obstet
695 1357 848 1441 tibi,
894 1358 1046 1422 dum
1088 1378 1171 1422 ne
1215 1358 1302 1422 sit
1341 1360 1405 1422 te
1451 1357 1643 1422 ditior
1686 1358 1865 1422 alter.
2149 1370 2217 1420 40

288 1442 456 1516 Quid
498 1442 701 1526 iuvat,
745 1443 1108 1508 inmensum
1149 1445 1213 1507 te
1249 1443 1501 1527 argenti
1542 1441 1793 1525 pondus
1823 1444 1888 1506 et
1930 1442 2066 1506 auri

287 1526 535 1591 Furtim
579 1527 832 1592 defossa
873 1527 1168 1592 timidum
1212 1527 1528 1611 deponere
1568 1526 1781 1591 terra?

289 1611 526 1694 ‘Quod,
572 1612 627 1676 si
672 1612 1076 1695 conminuas‚
1122 1612 1317 1677 vilem
1357 1611 1685 1696 redigatur
1727 1611 1808 1676 ad
1850 1617 2101 1675 assem?

286 1697 378 1760 At
396 1697 467 1760 ni
488 1695 555 1760 id
575 1695 667 1781 fit,
700 1696 854 1779 quid
873 1695 1070 1761 habet
1088 1695 1341 1781 pulchri
1361 1698 1762 1761 constructus
1783 1694 2087 1761 acervus?

286 1777 469 1844 Milia
510 1781 816 1845 frumenti
857 1783 972 1845 tua
1012 1781 1262 1845 triverit
1304 1802 1451 1845 area
1493 1783 1779 1845 centum:
2150 1790 2217 1840 45

286 1864 441 1929 Non
480 1866 630 1928 tuus
673 1863 799 1927 hoc
843 1864 1052 1946 capiet
1092 1867 1315 1927 venter
1357 1865 1500 1947 plus
1545 1885 1618 1928 ac
1661 1885 1869 1947 meus,
1914 1866 1987 1928 ut
2030 1863 2086 1930 si

287 1947 651 2012 Reticulum
692 1947 878 2031 panis
921 1947 1175 2012 venales
1217 1946 1387 2011 inter
1429 1949 1658 2011 onusto

289 2030 484 2095 Forte
526 2030 722 2095 vehas
766 2052 984 2095 umero
1058 2029 1265 2095 nihilo
1308 2031 1453 2114 plus
1497 2030 1772 2114 accipias
1818 2052 2007 2114 quam

291 2114 416 2189 Qui
457 2114 552 2179 nil
593 2116 882 2199 portarit.
969 2080 1092 2180 <Tel
1137 2114 1268 2200 dic,
1313 2114 1466 2198 quid
1508 2114 1744 2179 referat
1785 2116 1957 2178 intra

287 2198 572 2264 Naturae
615 2200 775 2264 fines
816 2200 1086 2283 viventi,
1131 2200 1353 2285 iugera
1396 2201 1651 2264 centum
1694 2221 1779 2263 an
2151 2212 2219 2264 50

287 2283 469 2348 Mille
498 2284 680 2349 aret?
740 2285 857 2349 ‘At
897 2286 1151 2349 suavest
1179 2306 1256 2348 ex
1284 2305 1520 2369 magno
1563 2284 1792 2348 tollere
1820 2290 2092 2350 acervo?

288 2366 460 2432 Dum
489 2390 568 2433 ex
608 2390 806 2454 parvo
834 2369 1023 2435 nobis
1051 2369 1432 2433 tantundem
1458 2368 1711 2433 haurire
1739 2368 2091 2452 relinquaS‚

289 2451 421 2517 Cur
461 2455 574 2517 tua
615 2454 760 2537 plus
803 2453 1020 2518 laudes
1065 2453 1337 2517 cumeris
1380 2453 1680 2538 granaria
1720 2453 2004 2518 nostris?

287 2535 381 2600 Vt
420 2536 542 2601 tibi
586 2538 642 2601 si
685 2538 772 2601 sit
813 2558 974 2620 opus
1018 2535 1242 2620 liquidi
1283 2557 1419 2601 non
1461 2538 1736 2621 amplius
1780 2559 1940 2604 urna

287 2619 412 2685 Vel
456 2620 686 2703 cyatho
698 2668 717 2703 ‚
765 2623 830 2684 et
872 2620 1044 2686 dicas
1088 2626 1349 2706 ‘magno
1395 2621 1472 2686 de
1512 2621 1775 2686 flumine
1813 2622 2065 2704 malim,
2151 2633 2218 2684 55

289 2704 495 2780 Quam
524 2726 602 2769 ex
628 2704 754 2769 hoc
780 2705 1093 2770 fonticulo
1121 2705 1499 2771 tantundem
1530 2714 1820 2770 sumere.'
1868 2705 1967 2769 Eo
1996 2705 2091 2789 fit,

288 2788 551 2853 Plenior
591 2792 665 2854 ut
707 2789 924 2874 siquos
968 2790 1240 2855 delectet
1284 2791 1469 2873 copia
1510 2792 1709 2873 iusto,

289 2872 454 2938 Cum
494 2874 636 2958 ripa
678 2874 869 2939 simul
909 2876 1161 2940 avolsos
1201 2875 1369 2939 ferat
1407 2874 1677 2938 Aufidus
1719 2894 1883 2938 acer.

287 2958 382 3021 At
424 2958 534 3040 qui
576 2959 807 3023 tantuli
839 2963 1003 3044 eget,
1049 2961 1353 3044 quantost
1380 2979 1558 3041 opus,
1603 2958 1659 3023 is
1685 2979 1893 3042 neque
1935 2958 2089 3023 limo

288 3040 638 3106 Turbatam
653 3042 868 3108 haurit
888 3065 1118 3141 aquam
1133 3065 1340 3128 neque
1356 3042 1553 3108 vitam
1569 3042 1809 3107 amittit
1825 3043 1896 3107 in
1914 3043 2120 3108 undis,
2152 3056 2219 3107 60
2326 3107 2332 3112 .

287 3126 382 3188 At
421 3125 594 3191 bona
634 3148 782 3211 pars
825 3126 1159 3191 hominum
1203 3128 1468 3211 decepta
1513 3127 1808 3211 cupidine
1848 3127 2012 3192 falso

292 3207 382 3272 ‘N
382 3208 431 3271 il
454 3211 609 3275 satis
634 3214 755 3276 est’
781 3211 993 3296 inquit
1013 3211 1183 3295 ‘quia
1205 3212 1371 3277 tanti
1399 3215 1710 3295 quantum
1736 3212 1972 3276 habeas
1997 3212 2129 3277 sis?

290 3290 459 3367 Quid
499 3294 698 3359 facias
741 3295 884 3359 illi?
939 3295 1168 3361 Iubeas
1210 3297 1514 3361 miserum
1558 3318 1725 3379 esse,
1768 3295 2042 3361 libenter

290 3375 619 3451 Quatenus
648 3378 716 3443 id
755 3380 929 3445 facit.
994 3379 1087 3445 Vt
1115 3380 1372 3464 quidam
1399 3383 1787 3445 memoratur
1813 3380 2090 3446 Athenis

289 3458 596 3526 Sordidus
641 3483 715 3527 ac
759 3464 933 3529 dives
943 3513 962 3548 ‚
1006 3466 1230 3550 populi
1274 3468 1680 3531 contemnere
1723 3486 1910 3531 voces
2150 3477 2215 3529 65
