2514 3950
877 276 881 280 ,
1003 196 1575 254 PROLEGOMENA.
2099 199 2235 253 xm

315 341 421 406 his
451 340 845 427 depellendis
878 344 953 405 ut
980 342 1219 427 peritia
1235 342 1499 407 Horatii
1527 364 1769 429 magna
1795 343 1891 407 ita
1919 344 2050 408 acri
2072 363 2233 427 opus

318 434 420 495 est
464 429 711 517 ingenii
744 430 1124 516 intentione,
1171 431 1284 496 sed
1321 435 1395 496 ut
1430 454 1512 495 ne
1551 432 1644 497 sic
1683 432 1942 516 quidem
1980 452 2235 516 semper

318 519 532 604 possis
578 518 787 584 vitare
834 540 1102 584 errores.
1167 518 1308 595 Quo
1349 520 1419 585 in
1462 520 1727 606 negotio
1773 520 2097 584 interdum
2144 519 2237 583 iu-

319 629 564 692 vamur,
601 607 880 673 sed-non
917 629 1188 693 semper,
1226 609 1573 675 observato
1612 630 1790 673 more
1819 608 2235 672 librariorum

319 695 755 760 substituendi
807 696 1143 761 vocabulis
1198 697 1413 761 minus
1469 697 1731 762 usitatis
1785 698 1890 761 vel
1948 700 2237 762 constru-

318 785 639 851 ctionibus
668 784 1026 850 rarioribus
1065 786 1277 872 magis
1313 788 1493 850 nota.
1510 789 1576 849 et
1612 785 1994 869 communia,
2031 784 2237 849 veluti

318 896 462 939 cum
509 873 867 939 scriberent
901 875 1037 940 sede
1070 895 1190 959 pro
1224 876 1367 959 fine,
1394 876 1564 939 tauri
1599 896 1718 960 pro
1754 875 2032 952 monstri,
2076 875 2241 938 vitae

316 984 437 1047 pro
481 981 773 1041 summae,
815 963 1011 1028 victus
1045 984 1164 1047 pro
1210 963 1425 1044 flexuS,
1467 982 1776 1045 repressae
1808 985 1926 1048 pro
1962 963 2238 1040 revictae,

313 1071 470 1132 pone
513 1072 632 1135 pro
668 1051 814 1133 759ae
859 1051 1186 1132 inparibus
1225 1051 1451 1132 formis
1485 1053 1791 1134 deceptum
1828 1057 1884 1116 te
1907 1056 2084 1134 patet
2119 1071 2236 1135 pro

318 1142 590 1220 tepetere
627 1140 706 1221 [c,
743 1155 814 1219 11,
847 1138 949 1222 18,
985 1139 1101 1221 303
1138 1155 1235 1222 111,
1274 1140 1379 1222 27,
1404 1140 1520 1222 483
1556 1157 1647 1221 ιν,
1678 1141 1736 1222 7,
1769 1140 1877 1223 173
1914 1158 2004 1221 1v,
2033 1139 2092 1219 6,
2122 1139 2240 1221 213

317 1226 379 1310 4,
424 1226 540 1309 243
583 1242 680 1309 111,
731 1224 831 1309 15,
876 1225 948 1309 23
995 1229 1113 1290 sat.
1160 1243 1234 1310 11,
1280 1227 1341 1310 2,
1387 1226 1520 1306 30].
1583 1224 1722 1291 Nec
1757 1247 1890 1290 non
1928 1226 2235 1289 similium

318 1312 832 1467 locoru11210mala
876 1313 1323 1379 recordatione
1369 1315 1725 1399 turbatum,
1784 1317 1860 1378 ut
1904 1331 1974 1398 11,
2021 1314 2081 1397 6,
2126 1314 2240 1397 24;

315 1420 405 1487 1v,
456 1404 512 1488 1,
654 1450 671 1468 .

449 1491 668 1575 Atque
705 1491 905 1556 etiam
941 1491 1136 1555 metri
1173 1512 1385 1575 causa,
1425 1492 1480 1555 si
1522 1491 1620 1556 dis
1657 1491 1890 1576 placet,
1921 1490 2234 1575 quaedam

320 1583 473 1645 sunt
515 1582 759 1645 novata
806 1601 846 1644 a
892 1579 1178 1644 librariis
1215 1577 1497 1644 Horatii.
1581 1578 1675 1646 Cf.
1721 1578 2117 1663 Peerlcamp.
2159 1578 2237 1643 ad

319 1691 414 1753 ep
461 1668 521 1752 2,
567 1668 670 1733 23.
748 1668 853 1732 Ab
899 1668 1003 1732 his
1048 1668 1270 1755 igitur,
1318 1690 1478 1752 quas
1526 1668 1811 1754 exposui,
1850 1668 2236 1752 corruptelis

317 1757 535 1822 nullus
588 1759 778 1821 vacat
838 1756 1101 1821 omnino
1161 1757 1361 1822 codex
1412 1756 1701 1841 Horatii,
1765 1778 1846 1821 ne
1910 1754 2237 1820 Blandinii

319 1845 604 1930 quidem3
670 1867 1060 1929 quamquam
1117 1867 1282 1929 quae
1335 1868 1506 1910 nunc
1561 1868 1639 1909 ex
1685 1844 1776 1909 eis
1823 1844 2236 1929 proferuntur

320 1934 616 2019 exempla
678 1933 1287 2019 interpolationum,
1355 1935 1705 1999 maximam
1740 1937 2024 2036 ‘partem
2095 1936 2241 1998 orta

318 2044 461 2087 esse
505 2023 806 2087 existimo
851 2023 1270 2106 neglegentia
1311 2020 1598 2105 Cruquii,
1647 2023 1784 2105 qui,
1832 2022 2003 2104 quod
2041 2022 2238 2085 etiam

318 2110 653 2174 Bentleius
689 2109 946 2174 notavit
985 2109 1095 2189 [ad
1132 2113 1252 2174 sat.
1290 2127 1344 2193 1,
1382 2111 1442 2195 6,
1480 2111 1612 2193 68],
1647 2109 2028 2173 interdum
2008 2131 2077 2173 111
2116 2109 2233 2173 dis-

319 2198 636 2264 cernenda
693 2198 907 2283 prima
966 2202 1031 2262 et
1091 2198 1369 2264 secunda
1428 2221 1624 2263 manu
1670 2197 1959 2263 codicum
2005 2219 2237 2282 parum

319 2287 667 2373 diligenter
711 2287 968 2351 videtur
1015 2308 1155 2351 esse
1203 2290 1516 2351 versatus

452 2373 753 2441 Ceterum
790 2375 915 2441 hac
943 2375 1408 2440 monachorum
1435 2375 1759 2459 pravitate
1789 2376 1948 2439 satis
1980 2377 2239 2439 constat

319 2465 529 2530 multo
570 2464 833 2550 gravius
871 2464 1139 2529 affectos
1179 2464 1456 2529 aliorum
1485 2468 1825 2548 poetarum
1852 2463 2235 2528 Latinorum

318 2554 541 2618 libros
603 2551 842 2617 Nullus
879 2556 1100 2617 tamen
1135 2552 1356 2638 plures
1385 2553 1488 2617 vel
1518 2552 1796 2618 maiores
1824 2552 2026 2616 traxit
2054 2552 2236 2616 labes

321 2663 514 2726 quam
570 2642 1128 2726 metamorphoses
1175 2640 1416 2726 Ovidii,
1469 2645 1544 2704 ut
1596 2642 1905 2725 pleraque
1951 2640 2235 2705 eiusdem

319 2730 607 2795 carmina
651 2752 768 2815 per
813 2730 1094 2794 medium
1132 2751 1363 2794 aevum
1400 2729 1609 2794 multo
1649 2730 1998 2794 studiosius
2039 2750 2235 2813 quam

319 2818 581 2884 Horatii
635 2819 879 2903 scripta
933 2819 1139 2884 lectae
1184 2818 1365 2901 illae,
1421 2839 1693 2903 quarum
1750 2818 1998 2883 codices
2058 2820 2236 2882 vetu-

320 2907 593 2972 stissimi
630 2929 794 2973 saec.
829 2907 1237 2973 undecimum
1273 2928 1409 2971 non
1442 2909 1771 2991 superant,
1809 2928 1936 2990 quo
1977 2906 2235 2990 quidem

226 3065 229 3066 γ
314 3001 609 3081 tempore
638 2996 924 3061 studium
951 2996 1114 3060 illud
1142 2996 1390 3080 puerile
1417 2995 1712 3060 variandi
1738 2995 1938 3060 verba
1966 2994 2235 3079 scripto-

317 3106 464 3149 rum
537 3085 816 3150 multum
881 3088 983 3149 est
1045 3084 1450 3167 adauctum3·
1501 3106 1575 3149 ac
1642 3082 2000 3168 permansit
2063 3083 2234 3149 idem

319 3174 593 3238 saeculis
648 3192 749 3238 ΧΠ
796 3177 862 3238 et
906 3192 1055 3238 xm.
1147 3173 1416 3238 Accedit
1474 3172 1643 3257 quod
1697 3172 1873 3237 illius
1920 3172 2235 3256 temporis

322 3260 495 3326 docti
530 3262 598 3325 in
636 3261 1164 3346 Ovidii,·poetae,
1212 3262 1270 3326 si
1307 3284 1453 3327 cum
1489 3260 1765 3326 Horatio
1804 3264 2235 3346 comparetur,

274 3367 281 3372 ·
318 3346 630 3433 facillimi,
669 3354 733 3415 et
772 3351 1021 3416 dicendi
1058 3354 1268 3415 artem
1298 3354 1363 3415 et
1392 3349 1583 3414 metri
1612 3354 1806 3434 atque
1834 3350 1993 3415 adeo
2022 3351 2233 3413 totam

318 3434 603 3501 indolem
650 3439 917 3527 mirifice
966 3461 1035 3505 se
1079 3440 1581 3505 insinuaverant.
1657 3439 1826 3504 Hinc
1873 3437 2112 3523 evenit,
2158 3441 2236 3502 ut
