2514 3950
389 153 473 217 26

392 416 457 464 10

387 884 450 934 15

374 2228 438 2276 10

371 2695 432 2745 15

1153 163 1546 222 ominum
1573 250 1584 253 A

644 321 943 387 Liberum
990 327 1054 388 et
1095 324 1313 391 Musas
1356 326 1795 412 Veneremque
1840 334 1904 395 et
1945 331 2044 396 illi

644 404 792 470 Sem
838 429 906 471 er
947 407 1317 475 haerentem
1358 434 1625 495 puerum
1669 414 1966 499 canebat,

640 488 731 553 Et
821 513 1011 574 ycum
1053 494 1259 577 nigris
1305 496 1503 560 oculis
1546 497 1859 582 nigroque

736 573 928 639 Crine
974 576 1292 642 decorum.

641 707 695 772 Ο
743 708 932 772 decus
975 709 1219 775 Phoebi
1263 715 1328 776 et
1371 712 1637 797 dapibus
1683 718 1961 800 supremi

641 790 842 855 Grata
882 793 1135 857 testudo
1178 794 1381 878 IoviS,
1427 818 1465 862 o
1511 799 1802 863 laborum

641 872 845 939 Dulce
890 875 1169 942 lenimen
1209 881 1677 966 medicumque,
1724 884 1896 949 salve

729 957 877 1023 Rite
921 962 1203 1028 vocanti!

1176 1236 1511 1312 XXXIH.

633 1363 815 1446 Albi,
859 1386 942 1428 ne
988 1365 1202 1429 doleas
1245 1366 1392 1449 plus
1434 1368 1634 1434 nimio
1679 1392 1923 1436 memor

632 1445 885 1511 Inmitis
933 1447 1239 1531 Glycerae
1313 1472 1440 1515 neu
1481 1454 1872 1521 miserabiles

630 1528 949 1595 Decantes
995 1532 1238 1616 elegos,
1286 1555 1397 1598 cur
1444 1536 1566 1601 tibi
1606 1538 1818 1603 iunior

723 1613 928 1679 Laesa
965 1617 1326 1699 praeniteat
1369 1619 1509 1685 fide.

629 1746 962 1844 Insignem
1004 1751 1182 1815 tenui
1222 1753 1436 1819 fronte
1478 1754 1792 1839 Lycorida

633 1828 785 1914 Cyri
827 1835 1029 1897 torret
1070 1856 1277 1920 amor,
1327 1836 1529 1922 Cyrus
1572 1840 1645 1904 in
1687 1862 1980 1925 asperam

628 1912 930 1981 Declinat
969 1916 1288 1987 Pholoen:
1344 1923 1456 1987 sed
1498 1924 1674 2008 prius
1720 1925 1961 2010 Apulisv

719 1999 1074 2086 Iungentur
1117 2026 1381 2090 capreae
1425 2008 1590 2092 lupis
1599 2058 1619 2092 ,

627 2132 832 2208 Quam
873 2138 1045 2221 turpi
1087 2138 1328 2206 Pholoe
1371 2146 1594 2226 peccet
1636 2144 1938 2210 adultero.

630 2215 746 2294 Sion
779 2219 986 2284 visum
1028 2221 1294 2308 Veneri,
1341 2226 1443 2289 cui
1485 2227 1698 2309 placet
1737 2229 1995 2311 inpares

623 2300 888 2367 Formas
933 2308 1121 2389 atque
1166 2308 1415 2372 animos
1461 2308 1577 2373 sub
1621 2310 1772 2395 iuga
1814 2312 2058 2377 ahenea

717 2384 918 2452 Saevo
961 2390 1212 2455 mittere
1257 2413 1403 2455 cum
1443 2390 1606 2457 ioco.
1782 2420 1784 2423 ⁴

620 2517 655 2582 Ι
702 2541 841 2585 sum
883 2545 1014 2607 me,
1060 2524 1287 2588 melior
1330 2545 1474 2589 cum
1562 2530 1764 2592 eteret
1804 2528 2023 2594 Venus
2035 2579 2055 2613 ,

680 2608 820 2669 rata
862 2606 1135 2671 detinuit
1176 2609 1477 2690 compede
1588 2612 1791 2694 yrtale

622 2685 981 2772 Libertina,
1025 2691 1205 2755 fretis
1251 2692 1457 2757 acrior
1498 2693 1778 2760 Hadriae

714 2772 1052 2838 Curvantis
1098 2771 1407 2839 Calabros
1453 2777 1646 2842 sinus

1134 3045 1500 3123 XXXHII.

614 3174 851 3238 Parcus
898 3173 1159 3240 deorum
1203 3178 1410 3244 cultor
1453 3184 1516 3246 et
1557 3181 1957 3264 infrequens,

613 3256 1003 3322 Insanientis
1048 3260 1199 3324 dum
1242 3263 1596 3347 sapientiae

709 3339 1053 3407 Consultus
1099 3366 1237 3410 erro
1249 3396 1269 3430 ,
1318 3369 1492 3412 nunc
1532 3350 1878 3414 retrorsum

807 3424 968 3490 Vela
1010 3427 1157 3493 dare
1202 3433 1393 3514 atque
1436 3432 1665 3497 iterare
1710 3455 1928 3499 cursus

2081 172 2316 245 [xm
2441 155 2449 161 .
