2514 3950
210 163 299 238 vn]

899 179 913 193 ·
1008 163 1337 220 LIBERE,

1113 394 1204 470 V.

398 527 703 594 Nondum
745 526 1007 592 subacta
1046 526 1213 592 ferre
1255 525 1477 612 iugum
1518 527 1688 590 valet

401 611 691 696 Cervice‚
734 612 1021 676 nondum
1062 611 1284 675 munia
1326 610 1617 695 conparis

505 696 604 760 Ae
648 718 799 761 uare
840 716 961 761 nec
1001 695 1170 760 tauri
1210 695 1457 760 ruentis

729 801 1027 845 venerem
1067 780 1341 844 tolerare
1383 778 1654 863 pondus.

403 912 589 979 Circa
629 915 906 979 virentes
952 917 1050 979 est
1091 915 1340 979 animus
1383 916 1529 978 tuae

402 996 679 1080 Campos
721 998 1054 1082 iuvencae,
1097 1019 1270 1062 nunc
1312 997 1520 1062 fluviis
1562 1018 1825 1082 gravem

510 1080 792 1146 Solantis
837 1083 1109 1163 aestum,
1152 1102 1325 1145 nunc
1366 1081 1437 1144 in
1477 1080 1603 1144 udo

608 1162 853 1228 Ludere
897 1184 1042 1227 cum
1084 1164 1302 1228 vitulis
1346 1164 1567 1228 salicto

401 1298 917 1383 Praegestientis.
1007 1297 1189 1362 Tolle
1235 1297 1598 1383 cupidinem

404 1381 660 1446 Inmiffis
703 1403 892 1448 uvae:
937 1382 1066 1445 iam
1108 1382 1230 1446 tibi
1273 1382 1503 1447 lividos

507 1465 881 1552 Distinguet
929 1469 1270 1531 autumnus
1313 1487 1599 1531 racemos

607 1550 933 1636 Purpureo
977 1551 1188 1615 varius
1232 1551 1462 1616 colore.

400 1685 538 1749 Iam
578 1687 645 1749 te
688 1707 755 1749 se
799 1689 1016 1751 uetur:
1062 1687 1261 1750 currit
1303 1686 1474 1751 enim
1516 1687 1697 1751 ferox

399 1770 598 1833 Aetas
638 1771 704 1832 et
743 1769 792 1832 il
824 1770 837 1782 '
851 1819 870 1854 ,
916 1790 1075 1853 quos
1117 1770 1238 1833 tibi
1281 1769 1608 1853 demserit,

507 1852 612 1916 Ad
659 1854 810 1916 onet
852 1873 1082 1938 annos;
1127 1854 1257 1916 iam
1297 1855 1594 1937 prolaerva

607 1875 847 2000 F‘rousse
888 1938 1066 2020 petet
1106 1935 1345 2021 Lalage
1387 1937 1714 2020 maritum,

402 2068 654 2134 Dilecta
736 2072 1043 2152 quantum
1084 2090 1219 2134 non
1260 2068 1505 2135 Pholoe
1546 2070 1769 2155 fugax,

401 2152 555 2218 Non
599 2118 881 2237 Ofiloris,
927 2153 1072 2217 albo
1118 2154 1211 2218 sic
1252 2175 1474 2219 umero
1516 2155 1728 2219 nitens
1739 2203 1759 2237 ,

508 2236 602 2301 Ut
685 2260 800 2301 ura
839 2241 1154 2302 nocturno
1196 2238 1447 2303 renides.

664 2344 793 2386 una
832 2322 993 2386 mari
1039 2320 1384 2387 Cnidiusve
1428 2323 1643 2408 Gyges
1654 2372 1674 2406 ,

403 2455 606 2532 Quem
649 2456 706 2519 si
746 2456 1102 2540 puellarum
1143 2457 1456 2522 insereres
1502 2456 1728 2542 choro,

400 2539 565 2604 Mire
609 2560 869 2624 sagaces
910 2540 1164 2604 falleret
1203 2539 1492 2625 hospites

510 2622 875 2687 Discrimen
917 2623 1256 2688 obscurum
1301 2625 1528 2689 solutis

613 2706 911 2773 Crinibus
955 2708 1379 2794 ambiguoque
1421 2709 1620 2773 voltu.

1100 3046 1224 3120 VI.

406 3178 703 3263 Septimi,
750 3178 958 3243 Gades
1002 3178 1246 3243 aditure
1289 3198 1537 3242 mecum
1582 3180 1646 3243 et

407 3261 794 3329 Cantabrum
836 3263 1165 3327 indoctum
1206 3262 1360 3347 iuga
1401 3261 1567 3326 ferre
1607 3264 1829 3327 nostra
1872 3266 1936 3328 et

407 3347 718 3412 Barbaras
763 3347 1010 3431 Syrtes,
1061 3347 1172 3412 ubi
1214 3346 1440 3411 Maura
1481 3367 1730 3429 semper

514 3432 786 3496 Aestuat
825 3432 1026 3516 unda,

1759 3538 1827 3585 3*

2068 1393 2134 1443 10

2069 1865 2131 1914 15

2063 2336 2133 2385 20
