2514 3950
372 1335 436 1384 10

370 1788 432 1843 15

366 2729 432 2777 25

366 3180 431 3229 30

1123 150 1519 207 CARmNVM

1211 366 1440 443 XVII.

624 497 755 564 Cur
795 520 899 564 me
942 499 1240 583 querellis
1286 499 1608 563 exanimas
1650 499 1824 563 tuis?

622 583 761 650 Nec
806 583 902 648 dis
947 584 1286 648 amicumst
1325 604 1445 647 nec
1487 582 1648 647 mihi
1690 586 1756 648 te
1799 584 1976 667 prius

720 667 944 751 Obire,
989 668 1358 751 Maecenas,
1407 689 1692 731 mearum

825 750 1078 816 Grande
1122 751 1312 816 decus
1354 751 1770 835 columenque
1810 773 2043 817 rerum.

617 869 710 951 A,
755 872 820 932 te
862 889 1040 932 meae
1085 868 1140 933 si
1181 871 1432 952 partem
1475 869 1727 933 animae
1769 869 1941 952 rapit

623 951 935 1016 Maturior
974 952 1102 1036 vis,
1149 952 1301 1036 quid
1342 973 1560 1017 moror
1602 954 1831 1036 altera,

716 1035 853 1102 Nec
896 1057 1076 1101 carus
1121 1057 1193 1100 ae
1238 1058 1317 1100 ue
1358 1058 1479 1101 nec
1523 1040 1841 1121 superstes

819 1119 1124 1207 Integer?
1253 1121 1316 1185 le
1362 1121 1495 1186 dies
1538 1124 1871 1205 utramque

620 1238 829 1304 Ducet
868 1238 1136 1304 ruinam.
1224 1237 1381 1303 Non
1423 1260 1543 1324 ego
1586 1239 1898 1324 perfidum

624 1322 776 1387 Dixi
810 1324 1305 1388 sacramentum:
1350 1322 1613 1404 ibimus,
1657 1323 1888 1387 ibimus
1901 1371 1922 1406 ,

713 1405 1073 1491 Vtcumque
1114 1406 1453 1490 praecedes
1466 1456 1485 1490 ‚
1531 1429 1895 1490 supremum

821 1488 1095 1574 Carpere
1137 1490 1261 1554 iter
1304 1491 1568 1555 comites
1612 1492 1836 1574 parati.

621 1608 729 1673 Me
770 1629 890 1673 nec
935 1606 1306 1673 Chimaerae
1350 1609 1611 1692 spiritus
1654 1609 1879 1695 igneae

619 1691 759 1757 Nec
770 1740 789 1774 ‚
835 1692 892 1756 si
932 1695 1255 1777 resurgat,
1302 1693 1699 1758 centimanus
1746 1692 1916 1776 Gyas

714 1774 996 1840 Divellet
1035 1798 1365 1860 umquam:
1412 1776 1503 1841 sic
1544 1778 1798 1860 potenti

818 1859 1108 1926 Iustitiae
1151 1861 1583 1945 placitumque
1625 1860 1863 1926 Parcis.

623 1978 748 2044 Seu
789 1978 981 2044 Libra
1023 2002 1135 2045 seu
1176 2001 1280 2043 me
1323 1978 1622 2063 Scorpios
1666 1980 1938 2064 adspicit

619 2062 1096 2128 Formidolosus
1107 2111 1127 2145 ,
1171 2085 1320 2147 pars
1363 2064 1703 2128 violentior

710 2147 963 2213 Natalis
1008 2145 1202 2210 horae
1278 2168 1390 2211 seu
1431 2150 1740 2230 tyrannus

819 2229 1167 2313 Hesperiae
1203 2195 1625 2314 Capricornus
1668 2232 1905 2315 undae,

619 2347 975 2430 Vtrumque
1016 2349 1310 2411 nostrum
1351 2348 1710 2413 incredibili
1751 2349 1944 2414 modo

622 2430 961 2497 Consentit
1001 2433 1261 2497 astrum.
1350 2431 1441 2497 Te
1483 2432 1656 2497 Iovis
1699 2433 1877 2518 inpio

714 2513 941 2578 'Entela
982 2514 1254 2580 Saturno
1299 2516 1624 2602 refulgens

813 2597 1071 2683 Eripuit
1108 2600 1508 2685 volucrisque
1542 2600 1687 2666 Fati

620 2715 921 2781 Tar-davit
964 2716 1125 2802 alas,
1172 2718 1276 2783 cui
1316 2718 1594 2802 populus
1637 2719 1934 2803 frequens

618 2799 881 2864 Laetum
924 2800 1190 2867 theatris
1232 2805 1333 2866 ter
1377 2802 1623 2885 crepuit
1664 2825 1924 2889 sonum3

710 2883 818 2949 Me
860 2888 1122 2951 truncus
1166 2886 1455 2969 inlapsus
1499 2888 1756 2952 cerebro

818 2968 1200 3053 Sustulerat,
1244 2970 1372 3034 nisi
1414 2969 1670 3036 Faunus
1713 2972 1911 3036 ictum

617 3085 858 3151 Dextra
899 3089 1200 3171 levasset,
1244 3086 1718 3152 Mercurialium

623 3168 855 3236 Custos
899 3173 1197 3237 virorum.
1283 3170 1571 3235 Reddere
1613 3171 1907 3234 victimas

710 3254 1077 3338 Aedemque
1119 3255 1401 3318 votivam
1441 3256 1792 3337 mement03

816 3337 958 3403 Nos
999 3336 1310 3401 humilem
1353 3336 1651 3401 feriemus
1694 3358 1943 3423 agnam.

1180 3488 1223 3501 ῃ

2106 152 2292 224 [xvu.
