2514 3950
362 1383 426 1433 10

360 1853 421 1902 15

355 2322 423 2372 20

354 2843 421 2893 25

355 3310 423 3363 30

1104 197 1499 254 CARMINVM

1251 379 1378 454 XI.

606 513 731 579 Est
772 512 930 577 mihi
972 532 1217 577 nonum
1261 512 1618 595 superantis
1661 533 1901 577 annum

610 598 846 662 Plenus
889 596 1128 659 Albani
1171 594 1391 680 cadus3
1437 599 1536 660 est
1576 595 1646 659 in
1689 594 1908 680 horto,

609 681 709 746 Ph
751 682 852 764 lli,
896 679 1225 744 nectendis
1271 679 1486 763 apium
1527 680 1808 764 oorom‘s;

701 704 825 830 {st
865 762 1133 828 hederae
1176 764 1273 827 vis

607 899 861 983 Multa,.
888 920 1012 982 qua
1055 886 1261 963 erines
1303 898 1576 983 religata
1617 897 1857 984 fulges;

608 983 802 1048 Ridet
844 986 1110 1068 argento
1155 983 1409 1067 domus3
1455 1004 1564 1047 ara
1606 982 1796 1046 castis

609 1066 845 1132 Vincta
884 1067 1176 1144 verbenis
1221 1069 1366 1131 avet
1406 1066 1714 1130 inmolato

705 1150 1005 1237 Spargier
1047 1172 1246 1237 agn03

610 1286 859 1352 Cuncta
900 1286 1164 1351 festinat
1203 1307 1430 1351 manus
1442 1335 1461 1369 ,
1505 1284 1631 1350 huo
1673 1289 1739 1350 et
1780 1285 1932 1352 illue
1967 1348 1972 1351 ,

618 1371 946 1436 Cursitant
986 1370 1221 1434 mixtae
1265 1371 1477 1454 pueris
1520 1370 1797 1454 puellae3

611 1453 949 1520 Sordidum
990 1453 1281 1518 flammae
1323 1454 1647 1537 trepidant
1687 1457 1976 1519 rotantes

701 1537 957 1603 Vertioe
998 1538 1266 1602 fumum.

608 1672 701 1738 Vt
740 1674 957 1736 tamen
997 1672 1173 1735 noris
1217 1671 1446 1756 quibus
1489 1672 1813 1737 advoceris

611 1755 874 1820 Gaudiis
884 1805 904 1839 ,
946 1754 1098 1820 Idus
1142 1755 1262 1820 tibi
1306 1758 1458 1821 sunt
1498 1756 1808 1843 agendae,

614 1838 737 1915 Qui
779 1839 913 1904 dies
955 1861 1241 1904 mensem
1284 1838 1556 1906 Veneris
1598 1840 1879 1906 marinae

703 1922 923 1990 Findit
964 1924 1287 2010 Aprilem,

609 2059 755 2125 Iure
798 2060 1122 2125 sollemnis
1165 2060 1326 2125 mihi
1370 2061 1769 2144 sanctiorque

608 2144 820 2209 Paene
859 2144 1059 2207 natali
1101 2146 1394 2229 proprio,
1438 2145 1607 2228 quod
1651 2166 1727 2209 ex
1775 2143 1895 2210 hae

609 2225 779 2291 Luce
821 2227 1156 2292 Maecenas
1198 2250 1377 2294 meus
1421 2228 1767 2293 adfluentes

700 2309 970 2375 Ordinat
1012 2333 1233 2377 annos.

610 2443 992 2530 Telephum,
1037 2468 1225 2530 quem
1267 2449 1341 2512 tu
1381 2445 1546 2531 petis
1558 2495 1577 2529 ‚
1623 2446 1952 2530 occupavit

608 2528 763 2594 Non
803 2532 950 2594 tuae
994 2532 1182 2595 sortis
1225 2531 1519 2596 iuvenem
1562 2531 1772 2615 puella

610 2611 806 2678 Dives
851 2617 916 2679 et
957 2615 1194 2679 lasciva
1234 2617 1532 2698 tenetque
1574 2618 1758 2700 grata

703 2695 1025 2782 Compede
1068 2699 1399 2762 vinetum.-

614 2829 837 2897 'Perret
879 2832 1204 2897 ambustus
1245 2832 1583 2898 Phaethon
1628 2855 1849 2898 avaras

609 2914 769 2999 Spes
785 2965 803 2999 ,
851 2918 917 2980 et
957 2917 1318 3001 exemplum
1359 2938 1554 3002 grave
1595 2919 1859 3002 praebet
1899 2918 2028 2982 ales

606 2998 696 3064 Pe
744 3021 889 3065 asus
932 3003 1254 3065 terrenum
1298 3002 1575 3085 equitem
1617 3006 1914 3088 gravatus

761 3084 1243 3169 ellerophonten
1257 3135 1276 3166 ,

610 3220 869 3302 Semper
909 3222 983 3282 ut
1024 3221 1088 3282 te
1133 3219 1328 3304 digna
1371 3241 1438 3284 se
1482 3240 1632 3283 uare
1677 3223 1742 3283 et
1782 3219 1948 3283 ultra

613 3300 818 3376 Quam
861 3301 1012 3366 lieet
1053 3324 1308 3385 sperare
1350 3324 1432 3367 ne
1464 3325 1531 3366 as
1574 3301 1855 3386 putando

605 3383 723 3448 Dis
760 3407 943 3482 ‘arem
985 3386 1165 3449 vites,
1254 3386 1398 3471 Age
1440 3387 1598 3469 iam,
1643 3407 1927 3453 meorum

847 3490 877 3532 s
921 3488 1238 3554 amorum,
