2514 3950
380 158 506 227 228
1079 160 1593 217 EPISTVLARVM
2228 161 2333 234 [11.

506 328 760 412 Exiguo
803 328 1113 412 gratoque
1155 323 1386 388 fruaris
1427 325 1714 407 tempore
1757 323 2008 406 raptim.

505 411 847 496 Pauperies
869 408 1176 474 inmunda
1202 411 1422 473 tamen
1448 407 1671 492 procul
1702 406 1899 471 absit:
1943 427 2062 493 ego
2094 410 2326 472 utrum

379 511 481 561 200
508 497 688 562 Nave
730 496 900 560 ferar
941 514 1177 579 magna
1219 514 1304 557 an
1345 513 1570 576 parva,
1614 491 1784 555 ferar
1820 512 1982 556 unus
2012 494 2077 555 et
2119 491 2320 557 idem.

507 581 661 647 Non
702 580 953 665 agimur
991 576 1253 642 tumidis
1296 576 1454 641 velis
1497 575 1819 659 Aquilone
1856 575 2175 652 secundo:

505 665 660 730 Non
701 667 918 728 tamen
960 661 1237 726 adversis
1282 664 1557 726 aetatem
1599 659 1887 724 ducimus
1929 660 2188 725 Austris
2201 710 2223 743 ,

506 749 797 831 Viribus,
844 747 1135 843 ingenie,
1181 745 1423 829 specie,
1467 746 1732 827 virtute,
1776 744 1953 827 loco,
1997 765 2065 809 re

505 832 794 898 Extremi
836 851 1218 915 primorum,
1266 830 1564 894 extremis
1608 850 1806 913 usque
1849 828 2114 912 priores.

379 929 479 980 205
508 916 660 982 Non
683 937 750 980 es
780 936 1037 980 avarus:
1082 914 1208 978 abi.
1279 913 1486 989 Quid?
1552 913 1780 979 Cetera
1806 913 1935 977 iam
1965 914 2155 978 simul
2186 915 2322 980 isto

507 999 671 1066 Cum
714 999 870 1064 vitio
913 998 1181 1085 fugere?
1243 997 1436 1064 Caret
1478 998 1599 1062 tibi
1687 1001 1864 1064 ectus
1907 999 2086 1063 inani

505 1084 919 1150 Ambitione?
966 1086 1138 1148 earet
1179 1083 1405 1148 mortis
1448 1083 1639 1148 formi
1690 1083 1703 1096 ’
1755 1104 1789 1147 e
1835 1086 1899 1146 et
1940 1082 2079 1147 ira‘?

506 1167 796 1252 Somnia,
840 1172 1116 1233 terrores
1127 1217 1146 1251 ,
1190 1168 1477 1253 magicos
1493 1217 1512 1250 ,
1556 1167 1890 1250 miracula,
1937 1188 2156 1252 sagas,

504 1252 568 1318 N
570 1257 870 1318 oeturnos
912 1254 1185 1317 lemures
1227 1254 1648 1336 portentaque
1691 1250 1997 1316 Thessala
2037 1251 2259 1317 rides?

377 1350 479 1399 210
506 1337 769 1402 Natales
813 1340 996 1423 grate
1038 1336 1384 1401 numeras?
1428 1336 1710 1422 ignoscis
1755 1336 2021 1400 amicis?

503 1422 738 1486 Lenior
781 1426 847 1486 et
886 1422 1115 1486 melior
1157 1422 1232 1485 fis
1278 1421 1615 1486 accedente
1658 1420 1958 1486 senecta?

505 1505 671 1582 Quid
714 1510 778 1571 te
822 1509 1116 1591 exempta
1156 1506 1329 1571 levat
1370 1528 1400 1570 s
1446 1506 1571 1569 inis
1616 1505 1692 1570 de
1735 1504 2023 1589 pluribus
2067 1506 2250 1571 una?

503 1589 734 1654 Vivere
763 1590 833 1653 ›si
874 1594 1046 1655 recte
1088 1590 1329 1674 nescis,
1426 1589 1613 1654 eeede
1653 1590 1898 1674 peritis.

502 1672 743 1736 Lusisti
786 1675 970 1757 satis,
1017 1674 1206 1739 edisti
1249 1674 1404 1738 satis
1448 1677 1637 1758 atque
1680 1674 1930 1738 bibisti:

376 1769 476 1817 215
505 1757 782 1840 Tempus
826 1758 1000 1823 abire
1042 1758 1253 1841 tibist,
1298 1780 1380 1822 ne
1469 1762 1648 1823 otum
1692 1758 1930 1843 largius
1974 1779 2182 1843 aequo

499 1839 731 1906 Rideat
775 1845 838 1906 et
878 1844 1091 1927 pulset
1133 1842 1370 1907 lasciva
1457 1843 1742 1908 ecentius
1786 1845 1978 1908 aetaS.

1266 2133 1374 2205 ΙΠ

730 2263 871 2351 [DE
914 2262 1148 2327 ARTE
1191 2262 1569 2329 POETICA
1612 2262 1923 2349 LIBER]

420 2405 426 2411 .
495 2347 797 2413 Humano
841 2347 1035 2432 capiti
1078 2347 1387 2412 cervicem
1430 2348 1641 2432 pictor
1684 2350 1982 2432 equinam

494 2432 616 2496 Iun
664 2454 768 2497 ere
811 2433 868 2498 si
907 2431 1065 2497 velit
1106 2435 1171 2496 et
1211 2432 1420 2496 varias
1464 2432 1762 2497 inducere
1803 2434 2054 2517 plumas

493 2515 603 2580 Vn
652 2517 792 2599 ‘que
835 2516 1085 2581 collatis
1128 2516 1430 2580 membris
1443 2564 1462 2599 ,
1506 2519 1577 2581 ut
1618 2517 1890 2601 turpiter
1932 2521 2144 2582 atrum

493 2598 764 2663 Desinat
805 2600 874 2664 in
916 2600 1158 2683 piscem
1200 2600 1430 2665 mulier
1472 2600 1751 2666 formosa
1793 2622 2096 2686 superne:

424 2695 460 2743 5
492 2682 861 2767 Spectatum
903 2683 1163 2748 admissi
1205 2684 1406 2748 risum
1447 2686 1752 2768 teneatis,
1805 2686 2039 2750 amici?

493 2767 778 2850 Credite,
822 2768 1118 2852 PisoneS,
1163 2768 1274 2832 isti
1315 2769 1568 2833 tabulae
1612 2770 1752 2834 fore
1796 2770 2030 2837 librum

491 2850 919 2935 Persimilem,
966 2854 1141 2917 ouius
1154 2901 1173 2936 ,
1217 2853 1394 2918 velut
1438 2854 1616 2938 aegri
1657 2854 1935 2938 somnia,
1980 2875 2192 2920 vanae

493 2935 848 3020 Fingentur
890 2937 1162 3019 specieS,
1206 2940 1282 3000 ut
1322 2958 1443 3001 nec
1484 2958 1597 3021 pes
1639 2959 1760 3003 nec
1804 2940 1997 3022 caput
2037 2941 2159 3004 uni

490 3019 818 3083 Reddatur
857 3021 1119 3084 formae.
1206 3019 1567 3086 Pictoribus
1611 3024 1800 3106 atque
1843 3023 2052 3107 poetis

396 3115 461 3164 ιο
494 3102 819 3178 Quidlibet
862 3102 1135 3168 audendi
1179 3125 1428 3189 semper
1469 3105 1592 3170 fuit
1635 3128 1838 3190 aequa
1878 3110 2198 3191 potestas.

491 3185 769 3270 Scimus,
838 3190 903 3252 et
953 3186 1121 3251 hanc
1174 3189 1425 3253 veniam
1487 3191 1887 3289 petimusque
1944 3191 2327 3281 damusque

1579 3296 1880 3340 Vicissim·

492 3353 616 3420 Sed
657 3376 791 3420 non
832 3359 907 3421 ut
946 3355 1212 3439 placidis
1257 3361 1483 3422 coeant
1524 3359 1803 3443 inmitia,
1846 3326 1980 3424 non
2022 3364 2097 3425 ut

490 3438 828 3523 Serpentes
875 3440 1095 3505 avibus
1140 3442 1573 3527 geminentur,
1617 3444 1892 3529 tigribus
1936 3445 2110 3529 agni.
