2514 3950
385 178 468 243 32

384 357 450 408 25

383 811 452 861 30

384 1262 450 1313 85

374 2915 441 2968 1'0

370 3369 433 3419 15

1148 185 1543 244 CARMmVM

635 346 797 446 Iuno
842 351 908 412 et
949 348 1211 414 deorum
1254 350 1538 447 quisquis
1582 350 1846 415 amicior

638 432 817 495 Afris
861 432 1064 496 inulta
1108 436 1385 497 cesserat
1426 437 1724 517 mpotens

732 515 1014 599 Tellure,
1058 517 1374 581 victorum
1416 521 1682 602 nepotes

828 600 1105 665 Rettulit
1151 600 1411 665 inferias
1454 600 1818 687 Iugurthae.

639 717 794 793 Quis
836 738 972 781 non
1013 716 1244 782 Latino
1290 718 1598 815 sanguine
1640 718 1944 815 pinguior

642 800 919 884 Campus
963 801 1268 884 sepulcris
1310 802 1489 885 inpla
1574 803 1772 867 roeha

730 883 1025 949 Testatur
1067 885 1475 968 auditumque
1590 886 1721 950 edis

833 968 1179 1052 Hesperiae
1222 968 1503 1033 sonitum
1552 969 1817 1033 ruinae?

639 1085 761 1160 Qui
803 1107 1037 1171 gurges
1082 1089 1394 1170 aut‘quae
1436 1086 1698 1151 flumina
1740 1087 2027 1172 lugubris

634 1167 871 1254 Ignara
912 1169 1109 1234 belli?
1166 1169 1340 1254 quod
1378 1191 1552 1234 mare
1596 1170 1882 1235 Dauniae

732 1251 887 1319 Non
930 1253 1369 1318 decoloravere
1414 1253 1678 1318 caedes?

831 1336 1004 1412 Quae
1049 1341 1221 1401 caret
1264 1359 1376 1402 ora
1419 1358 1638 1403 cruore
1681 1338 1948 1403 nostro?

644 1450 770 1517 Sed
825 1473 907 1517 ne
961 1453 1233 1537 relictis,
1277 1454 1462 1519 Musa
1503 1476 1766 1539 procax,
1812 1455 1968 1521 iocis

639 1534 803 1602 Oeae
845 1538 1148 1601 retractes
1190 1559 1455 1602 munera
1496 1539 1753 1623 neniae,

728 1619 982 1684 Mecum
1023 1619 1313 1686 Dionaeo
1359 1622 1475 1686 sub
1519 1625 1703 1687 antro

834 1701 1077 1779 Quaere
1118 1706 1344 1771 modos
1391 1706 1625 1770 leviore
1668 1706 1926 1790 plectro.

1288 1961 1380 2036 H.

630 2091 862 2158 Nullus
906 2091 1173 2177 a‘rgento
1218 2093 1394 2157 color
1437 2095 1536 2157 est
1576 2095 1782 2158 avaris

630 2175 870 2240 Abdito
913 2176 1127 2258 terris,
1171 2175 1428 2239 inimice
1470 2177 1718 2243 lamnae

633 2257 854 2342 Crispe
898 2257 1164 2340 Salusti‚
1209 2258 1339 2321 nisi
1380 2260 1731 2344 temperato

725 2340 1070 2423 Splendeat
1110 2362 1247 2405 usu.

635 2455 833 2534 Vivet,
871 2460 1125 2522 extento
1169 2458 1537 2526 Proculeius
1581 2483 1736 2527 aevo
1749 2512 1767 2548 ‚

627 2539 838 2604 Notus
881 2540 950 2604 in
994 2542 1219 2607 fratres
1264 2545 1459 2610 animi
1501 2548 1784 2630 paternit

627 2622 819 2687 Illum
862 2628 1012 2708 aget
1061 2626 1263 2707 pinna
1303 2632 1625 2695 metuente
1669 2631 1833 2696 solvi

718 2706 916 2771 Fama
957 2713 1292 2793 superstes,

624 2823 843 2888 Latius
885 2846 1114 2912 regnes
1157 2829 1411 2893 avidum
1454 2829 1770 2894 domando

625 2906 963 3055 {Pffimm'
1008 2933 1197 2995 quam
1240 2912 1298 2977 si
1338 2911 1607 2996 Libyam
1649 2915 1910 2980 remotis

686 2992 906 3057 adibus
948 2994 1174 3080 iungas
1219 2999 1288 3060 et
1325 2999 1589 3079 uterque
1631 2996 1883 3062 Poenus

717 3074 963 3141 Serviat
1004 3080 1134 3143 uni.

622 3189 866 3258 Crescit
903 3194 1084 3258 indul
1131 3216 1245 3259 ens
1276 3195 1398 3259 sibi
1442 3195 1615 3261 dirus
1657 3196 1936 3292 hydrops

619 3274 759 3341 Nec
802 3277 976 3341 sitim
1018 3300 1098 3362 pe
1126 3279 1230 3361 lit,
1276 3278 1403 3344 nisi
1446 3300 1635 3345 causa
1675 3279 1884 3345 morbi

613 3358 710 3425 Fu
759 3360 880 3425 erit
920 3361 1100 3425 venis
1145 3366 1213 3426 et
1252 3384 1525 3447 aquosus
1568 3365 1714 3431 albo

729 3464 957 3530 orpore
1007 3445 1297 3531 languor.
