2514 3950
370 111 498 177 120
1188 111 1486 170 Eronos
2089 160 2096 168 .
2137 115 2307 190 [xvi

496 277 687 426 Inpia
727 275 1065 362 perdemus
1110 275 1326 341 devoti
1368 275 1703 361 sanguinis
1747 278 1954 362 aetas,

368 376 437 426 10
637 361 883 445 erisque
925 381 1143 426 rursus
1188 359 1605 444 occupabitur
1647 360 1875 425 solum.

494 446 817 511 Barbarus
859 445 986 510 heu
1029 445 1272 510 cineres
1315 444 1572 509 insistet
1612 444 1816 509 victor
1859 447 1925 510 et
1968 444 2207 512 Vrbem

579 530 795 616 Eques
839 531 1108 594 sonante
1149 528 1512 593 verberabit
1551 529 1825 613 ungula,

496 615 671 692 Quae
713 635 795 679 ue
840 614 1060 679 carent
1097 612 1309 678 ventis
1354 614 1420 677 et
1461 612 1702 677 solibus
1748 633 1896 678 ossa
1938 612 2217 699 Quirini,

581 636 782 765 Neffas
824 697 1066 762 videre!
1125 696 1465 781 dissipabit
1506 696 1811 762 insolens.

369 797 437 847 15
501 782 695 848 Forte
762 781 933 865 quod
962 780 1288 866 expediat,
1319 781 1739 845 communiter
1761 782 1874 845 aut
1898 781 2126 846 melior
2152 803 2312 866 pars

584 831 775 931 Masis
819 886 1034 931 carere
1078 864 1382 948 quaeritis
1427 865 1793 930 laboribus?

493 951 696 1018 Nulla
738 951 825 1015 sit
863 949 989 1015 hac
1029 950 1244 1034 potior
1287 949 1635 1032 sententia,
1680 949 2119 1014 Phocaeorum

580 1035 779 1101 Velut
817 1034 1116 1183 profffl
1151 1036 1477 1099 exsecrata
1520 1033 1744 1099 civitas

496 1122 712 1206 Agros
744 1122 945 1203 atque
1114 1140 1182 1192 es
1224 1118 1498 1203 patrioS‚
1543 1117 2017 1202 habitandaque
2056 1117 2210 1183 fana

366 1218 438 1268 20
585 1204 780 1289 Apris
822 1203 1081 1286 reliquit
1122 1205 1189 1267 et
1227 1224 1303 1266 ra
1348 1202 1568 1267 acibus
1596 1203 1795 1286 lupis,

495 1289 620 1371 Ire,
647 1288 840 1373 pedes
863 1308 1259 1372 quocumque
1317 1290 1514 1371 erent,
1545 1307 1942 1372 quocumque
1961 1306 2076 1371 per
2096 1286 2309 1351 undas

581 1373 793 1440 Notus
836 1371 1093 1437 vocabit
1135 1373 1247 1436 aut
1288 1374 1623 1456 protervus
1664 1370 1944 1435 Africus.

497 1457 604 1523 Sic
670 1456 879 1522 lacet?
918 1477 1003 1521 an
1030 1456 1259 1521 melius
1289 1456 1430 1553 quis
1458 1455 1655 1520 habet
1676 1454 1982 1520 suadere?
2014 1452 2312 1520 Secunda

647 1544 818 1606 atem
861 1561 1170 1624 occupare
1214 1541 1367 1624 qmd
1408 1559 1731 1605 moramur
1774 1539 1967 1604 alite?

366 1639 435 1689 25
501 1625 627 1692 Sed
669 1626 949 1689 iuremus
992 1624 1064 1688 in
1102 1623 1293 1689 haec:
1350 1624 1541 1689 simul
1582 1624 1729 1689 imis
1774 1644 1927 1688 saxa
1966 1622 2256 1688 renarint

582 1708 782 1774 Vadis
825 1709 1036 1773 levata
1106 1729 1190 1773 ne
1231 1707 1440 1774 redire
1482 1709 1568 1773 sit
1608 1709 1817 1792 nefas,

495 1793 644 1860 Neu
674 1813 979 1858 conversa
1017 1757 1279 1858 domum
1320 1793 1542 1878 pigeat
1583 1792 1732 1857 dare
1775 1792 2004 1875 lintea,
2049 1789 2311 1874 quaudo

583 1877 794 1942 Padus
837 1877 1088 1942 Matina
1131 1877 1360 1943 laverit
1404 1877 1763 1957 cacumina,

496 1961 580 2028 In
618 1984 795 2027 mare
838 1984 950 2028 seu
995 1962 1200 2028 celsus
1243 1961 1636 2045 procurrerit
1674 1961 2136 2047 Appenninus,

367 2060 440 2111 80
584 2047 896 2131 Novaque
936 2050 1227 2112 monstra
1269 2046 1549 2110 iunxerit
1590 2045 1856 2110 libidine

495 2131 702 2195 Mirus
746 2150 957 2212 amor,
999 2131 1177 2195 iuvet
1215 2131 1292 2194 ut
1331 2130 1532 2214 tigres
1578 2128 1902 2195 subsidere
1947 2128 2179 2213 cervis,

584 2214 1001 2278 Adulteretur
1044 2217 1110 2277 et
1151 2213 1449 2278 columba
1488 2214 1718 2297 miluc,

499 2297 778 2364 Credula
817 2317 938 2362 nec
979 2318 1169 2362 ravos
1211 2297 1484 2362 timeant
1525 2299 1813 2363 armenta
1854 2298 2072 2364 leones
2086 2346 2106 2381 ‚

582 2382 901 2465 Ametque
945 2382 1113 2447 salsa
1154 2382 1313 2446 levis
1357 2381 1571 2447 hircus
1733 2403 1911 2447 uora.

367 2478 437 2528 35
503 2465 684 2530 Haec
728 2468 792 2530 et
835 2486 995 2548 quae
1037 2468 1343 2551 poterunt
1381 2466 1623 2531 reditus
1676 2488 1713 2530 a
1758 2467 2045 2532 scindere
2088 2464 2315 2531 dulces

580 2548 822 2614 Eamus
866 2551 1075 2614 omnis
1120 2553 1442 2616 exsecrata
1485 2551 1738 2633 civitas,

496 2634 632 2699 Aut
671 2654 820 2719 pars
863 2634 1129 2698 indocili
1171 2634 1401 2699 mehor
1523 2656 1670 2732 ege3
1714 2634 1928 2699 mollis
1973 2636 2037 2699 et
2080 2654 2316 2718 exspes

580 2717 945 2783 Inominata
992 2718 1348 2803 perprimat
1390 2739 1468 2784 cu
1514 2718 1643 2783 iha.

509 2802 645 2868 Vos
656 2851 676 2886 ‚
721 2802 949 2886 quibus
977 2805 1075 2868 est
1100 2803 1303 2868 virtus
1318 2852 1337 2887 ‚
1380 2802 1755 2867 muliebrem
1784 2802 1992 2867 tollite
2033 2802 2321 2888 luctum,

367 2896 436 2948 40
582 2883 858 2951 Etrusca
900 2888 1151 2972 praeter
1193 2890 1260 2951 et
1300 2887 1511 2953 volate
1554 2886 1760 2951 litora.

272 2991 275 2992 ⁷
497 2968 634 3035 Nos
676 2971 895 3034 manet
936 2968 1229 3034 Oceanus
1274 2969 1514 3034 circum
1557 2988 1763 3052 vagus
1808 2988 1960 3033 arva
2005 2967 2214 3032 beata.

583 3052 887 3117 Petamus
929 3053 1127 3133 †arva
1168 3051 1401 3118 divites
1447 3055 1514 3118 et
1554 3052 1831 3134 insulas,

498 3135 738 3200 Reddit
781 3135 894 3199 ubi
939 3156 1217 3202 cererem
1257 3136 1450 3202 tellus
1493 3137 1747 3201 inarata
1790 3135 2138 3218 quotannis

583 3219 671 3285 Et
713 3219 1012 3303 inputata
1052 3219 1242 3284 floret
1282 3243 1327 3284 u
1405 3240 1486 3285 ue
1529 3221 1750 3298 vinea,
1784 3291 1790 3296 ,

371 3318 440 3367 45
502 3303 838 3369 Germinat
881 3306 946 3368 et
986 3325 1144 3367 num
1188 3242 1668 3369 uamsffallentis
1709 3306 1946 3368 termes
1987 3302 2199 3368 olivae
2218 3354 2241 3389 ,

587 3387 901 3471 Suamque
942 3386 1122 3471 pulla
1213 3407 1325 3451 cus
1369 3392 1559 3454 ornat
1600 3388 1897 3453 arborem
1917 3433 1939 3471 ,
