2514 3950
402 180 531 247 202
617 131 620 134 ⁵
949 119 958 127 ’
1111 181 1626 240 mmmm
2166 179 2361 253 [xm.

1262 381 1464 459 xm
1502 423 1509 431 .

530 516 624 583 Vt
664 517 1172 602 proficiscentem
1217 513 1406 578 docui
1447 516 1513 579 te
1557 532 1746 596 saepe
1790 511 2054 595 diuque,

529 603 828 687 Augusto
872 600 1098 666 reddes
1143 599 1404 683 signata
1443 598 1799 679 volumina,
1844 595 2029 679 Vini,

534 686 604 752 Si
645 685 923 769 validuS,
970 685 1025 748 si
1067 685 1270 748 laetus
1314 682 1464 766 erit,
1512 682 1569 746 si
1612 680 1883 765 denique
1925 682 2184 766 poscet3

531 769 633 837 Ne
677 769 886 833 studio
930 768 1137 832 nostri
1176 787 1403 851 pecces
1447 765 1786 849 odiumque
1828 764 2062 829 libellis

468 868 503 919 5
534 853 801 920 Sedulus
843 853 1130 936 inportes
1175 872 1371 935 opera
1410 854 1702 916 vemente
1744 849 2052 913 minister.

534 938 605 1004 Si
644 939 710 1001 te
751 938 918 1001 forte
959 956 1138 1001 meae
1180 935 1396 1020 gravis
1438 938 1583 1000 uret
1624 934 1875 999 sarcina
1917 932 2209 1017 chartae,

529 1021 791 1100 ,Abicito
834 1021 1078 1106 potius,
1122 1041 1317 1104 quam
1359 1040 1484 1105 quo
1528 1019 1808 1103 perferre
1848 1017 2084 1082 iuberis

534 1104 822 1172 Clitellas
864 1105 1036 1170 ferus
1079 1105 1407 1190 inpingas,
1452 1104 1816 1186 Asinaeque
1858 1104 2200 1186 paternum

535 1189 915 1289 Cognomen
954 1192 1165 1254 vertas
1207 1190 1280 1253 in
1321 1188 1520 1253 risum
1564 1190 1630 1251 et
1670 1186 1890 1251 fabula
1929 1185 2067 1250 fias,

440 1289 505 1339 ιο
533 1275 795 1340 Vinbus
837 1274 1036 1338 uteris
1079 1294 1194 1371 per
1237 1273 1467 1356 clivos,
1508 1272 1803 1356 flumina,
1846 1271 2076 1354 lamas3

535 1359 761 1424 Victor
801 1358 1119 1455 propositi
1161 1357 1353 1422 simul
1395 1378 1471 1421 ac
1511 1355 1875 1441 perveneris
1916 1355 2098 1438 illuc,

536 1443 642 1509 Sic
683 1446 966 1526 posltum
1009 1442 1292 1507 servabis
1337 1462 1528 1524 onus,
1570 1462 1654 1506 ne
1696 1440 1863 1505 forte
1907 1439 2024 1503 sub
2068 1439 2175 1502 ala

519 1527 940 1591 ·Fasciculum
981 1528 1199 1609 portes
1243 1526 1553 1590 librorum
1593 1528 1667 1589 ut
1706 1524 1982 1589 rusticus
2025 1544 2312 1608 agnum,

535 1609 627 1674 Vt
668 1611 894 1674 vinosa
935 1610 1188 1694 glomus
1230 1609 1505 1673 furtivae
1545 1611 1587 1691 †
1608 1608 1877 1693 Pyrrhia
1917 1609 2129 1692 lanae,

329 1734 337 1742 ·
442 1708 505 1759 15
534 1693 627 1759 Vt
668 1715 814 1758 cum
855 1692 1092 1777 pileolo
1137 1694 1343 1757 soleas
1387 1693 1656 1758 conviva
1693 1693 1967 1758 tribulis.

536 1777 682 1845 Neu
717 1777 910 1862 volgo
952 1798 1200 1861 narres,
1242 1779 1310 1841 te
1354 1776 1677 1842 sudavisse
1718 1776 1980 1842 ferendo

540 1862 868 1946 Carmina,
915 1883 1076 1946 quae
1118 1862 1372 1947 possint
1412 1862 1631 1927 oculos
1675 1882 1981 1945 auresque
2022 1862 2267 1927 morari

539 1945 827 2014 Caesaris
840 1972 867 2032 3.
903 1950 1117 2013 oratus
1160 1948 1363 2013 multa
1405 1967 1618 2032 prece,
1662 1946 1898 2011 nitere:
1941 1966 2133 2031 porro

539 2032 752 2116 Vade,
796 2032 966 2116 vale,
1012 2053 1161 2099 cave
1202 2053 1287 2097 ne
1329 2032 1567 2096 titubes
1598 2030 2018 2115 mandataque
2060 2030 2353 2118 frangas.

1256 2322 1491 2398 XIIII.
2108 2360 2143 2395 ο

539 2454 746 2520 Vilice
790 2454 1093 2520 silvarum
1137 2456 1200 2519 et
1241 2452 1401 2518 mihi
1444 2475 1547 2518 me
1588 2454 1911 2520 reddentis
1954 2451 2181 2538 agelli,

541 2538 745 2614 Quem
785 2538 860 2602 tu
902 2536 1149 2601 fastidis
1163 2586 1182 2621 ,
1227 2537 1587 2603 habitatum
1628 2539 1905 2622 quinque
1948 2537 2109 2602 focis
2154 2539 2224 2602 et

542 2623 834 2704 Quinque
876 2620 1082 2684 bonos
1125 2622 1386 2686 solitum
1427 2622 1687 2688 Variam
1730 2623 2046 2686 dimittere
2101 2624 2356 2707 patres,

541 2705 902 2789 Certemus,
951 2704 1167 2789 spinas
1211 2705 1508 2771 animone
1551 2728 1586 2771 e
1633 2728 1672 2771 o
1714 2706 1943 2771 fortius
1987 2726 2072 2769 an
2112 2708 2190 2770 tu

477 2803 512 2854 5
540 2790 799 2855 Evellas
843 2810 1030 2875 agro,
1075 2791 1142 2853 et
1181 2789 1409 2854 melior
1450 2789 1536 2854 sit
1644 2791 1882 2855 oratius
1927 2811 2010 2854 an
2049 2809 2176 2854 res.

538 2873 647 2940 Me
690 2874 976 2957 quamvis
1020 2872 1279 2939 Lamiae
1320 2874 1524 2958 pietas
1569 2878 1634 2939 et
1677 2895 1826 2939 cura
1867 2875 2185 2958 moratur,

539 2957 829 3022 Fratrem
871 2959 1244 3042 maerentis,
1289 2961 1474 3042 rapto
1520 2958 1598 3023 de
1640 2958 1834 3023 fratre
1878 2957 2153 3022 dolentis

539 3040 1001 3126 Insolabiliter;
1045 3045 1264 3107 tamen
1305 3042 1470 3106 istuc
1511 3064 1692 3107 mens
1736 3044 2113 3126 animusque

538 3124 691 3191 Fert
734 3127 798 3188 et
841 3128 1012 3189 amat
1055 3127 1277 3209 spatiis
1322 3127 1641 3191 obstantia
1682 3149 1825 3191 rum
1846 3136 1975 3191 'ere
2019 3126 2330 3194 claustra.

449 3222 513 3273 ιο
540 3209 712 3274 Rure
757 3230 877 3294 ego
920 3209 1271 3293 viventem,
1315 3211 1389 3273 tu
1433 3210 1590 3275 dicis
1633 3211 1703 3275 in
1745 3233 1822 3275 ur
1867 3232 1902 3276 e
1944 3211 2238 3277 beatum:

539 3292 661 3360 Cui
700 3293 910 3377 placet
952 3293 1211 3358 alterius
1223 3342 1243 3377 ,
1290 3315 1405 3358 sua
1444 3295 1810 3359 nimirumst
1851 3295 1997 3360 odio
2044 3314 2209 3361 sors.

541 3376 787 3443 Stultus
815 3380 1077 3461 uterque
1120 3378 1335 3443 locum
1362 3378 1729 3445 inmeritum
1759 3382 2052 3444 causatur
2095 3378 2361 3465 inique:

532 3462 612 3527 In
654 3462 905 3547 culpast
946 3462 1227 3547 animus,
1274 3463 1384 3546 qui
1427 3484 1495 3529 se
1538 3483 1672 3528 non
1715 3463 1939 3549 effugit
1980 3484 2320 3548 umquam.
