2514 3950
410 175 532 245 168
1168 179 1592 236 SATIRARVM
2215 183 2340 255 [111.

530 343 895 409 Accedam?
965 344 1073 407 An
1114 344 1329 428 potius
1373 343 1641 408 mediter
1682 342 1865 408 finire
1911 343 2204 408 dolores?

528 427 848 515 Exclusit3
893 432 1181 493 revocat:
1227 427 1528 493 redeam?
1582 426 1646 492 N
1620 448 1751 578 ἔῃ,
1791 428 1846 492 si
1885 427 2215 494 obsecret.'
2247 466 2337 479 --

1682 530 1791 577 cce

392 610 500 661 265
532 597 793 681 Servus,
836 618 971 661 non
1011 596 1202 681 paulo
1247 595 1597 681 sapientior
1642 605 1704 661 ‘o
1750 617 1884 679 ere,
1930 617 2089 680 quae
2131 619 2232 662 res

525 682 590 748 N
593 703 663 747 ec
734 681 995 746 modum
1082 680 1278 745 habet
1350 701 1558 764 neque
1633 681 1996 829 emdSffium’
2083 682 2331 747 ratione

1615 785 1721 830 mo
1769 787 1805 829 o
1851 787 1931 831 ue

526 849 811 915 Tractari
834 870 968 914 non
989 850 1141 914 volt.
1171 848 1250 914 In
1274 870 1487 914 amore
1507 848 1666 914 haec
1690 787 2046 933 sungmala,
2068 850 2329 934 bellum,

524 935 659 998 Pax
700 956 979 999 rursum:
1024 933 1182 998 haec
1227 934 1425 1018 siquis
1466 934 1862 1019 tempestatis
1905 955 2104 1018 prope
2147 935 2274 999 ritu

526 1018 792 1083 Mobilia
835 1022 899 1084 et
942 1040 1129 1083 caeca
1170 1018 1491 1083 fluitantia
1533 1021 1703 1084 sorte
1747 1019 1998 1083 laboret

397 1115 499 1165 270
528 1103 816 1168 Reddere
861 1107 1035 1168 certa
1078 1103 1230 1187 sibi,
1276 1102 1480 1167 nihilo
1522 1103 1668 1187 plus
1713 1102 2013 1187 explicet,
2059 1123 2134 1168 ac
2175 1103 2230 1166 si

521 1187 812 1252 Insanire
854 1191 1036 1271 paret
1079 1190 1251 1252 certa
1292 1187 1539 1252 ratione
1581 1186 1942 1270 modoque?

523 1271 719 1354 Quid,
765 1293 908 1337 cum
951 1272 1205 1337 Picenis
1248 1292 1593 1355 excerpens
1637 1271 1880 1336 semina
1920 1271 2128 1355 pomis

524 1355 805 1439 Gaudes,
852 1357 906 1420 si
951 1377 1266 1421 cameram
1305 1354 1588 1452 percusti
1629 1355 1827 1438 forte,
1869 1376 2065 1439 penes
2107 1353 2268 1419 te’s?

523 1440 732 1515 Quid?
780 1460 923 1505 cum
966 1440 1158 1504 balba
1199 1439 1353 1503 fens
1397 1459 1643 1503 annoso
1685 1439 1879 1503 verba
1920 1440 2165 1522 palato,

395 1537 494 1587 275
526 1524 924 1588 Aedificante
969 1545 1145 1588 casas
1191 1523 1301 1606 qui
1344 1523 1602 1587 sanior?
1668 1522 1854 1587 Adde
1897 1544 2182 1587 cruorem

521 1607 842 1672 Stultitiae
851 1654 871 1690 ,
936 1610 1123 1690 atque
1191 1608 1409 1691 ignem
1476 1606 1691 1704 gladio
1756 1610 2033 1673 scrutare
2095 1607 2331 1692 modo;

1609 1713 1680 1755 m
1771 1713 1917 1758 uem
2127 1720 2130 1723 ¹

517 1775 786 1841 Hellade
828 1795 1130 1859 percussa
1172 1775 1415 1840 Marius
1458 1797 1604 1841 cum
1644 1713 2021 1859 prgecipitat
2064 1796 2131 1840 se
2143 1823 2164 1858 ,

527 1859 810 1926 Gen-itus
854 1859 1022 1925 fuit?
1067 1882 1152 1925 an
1195 1863 1550 1925 commotae
1594 1860 1856 1925 crimine
1899 1859 2132 1924 mentis

515 1945 829 2012 Absolves
871 1944 1226 2030 hominem,
1275 1948 1340 2011 et
1368 1944 1622 2011 sceleris
1664 1943 1996 2010 damnabis
2025 1943 2326 2029 eundem,

387 2042 492 2094 280
517 2030 621 2095 Ex
661 2051 837 2095 more
880 2031 1197 2115 inponens
1241 2033 1518 2127 cognata
1558 2030 1868 2095 vocabula
1915 2028 2145 2095 rebus?

515 2114 881 2179 Libertinus
925 2118 1089 2198 erat,
1135 2115 1244 2197 qui
1289 2135 1527 2179 c1rcum
1570 2114 1850 2198 compita
1892 2113 2095 2179 siccus

514 2198 733 2262 Lautis
776 2217 963 2261 mane
1006 2218 1200 2261 senex
1241 2199 1536 2262 manibus
1580 2198 1874 2263 emebat
1915 2201 1980 2263 et
2023 2203 2244 2264 ‘unum
2258 2246 2279 2278 ,

517 2280 683 2357 Quid
723 2283 859 2345 tam
901 2301 1206 2365 magnum
1217 2280 1277 2345 ‘P’
1335 2282 1603 2366 addens,
1658 2288 1878 2431 (Ἤρ
1930 2303 2033 2347 me
2077 2281 2328 2365 surpite

1601 2388 1707 2430 mo
1808 2417 1824 2432 .

513 2448 633 2512 Dis
674 2448 908 2513 etenim
951 2450 1228 2516 facilest’
1276 2450 1528 2533 orabat,
1577 2472 1768 2516 sanus
1811 2451 2092 2534 utrisque

384 2544 486 2595 285
515 2532 795 2596 Auribus
840 2555 879 2597 a
950 2555 1029 2598 ue
1074 2535 1304 2620 oculis3
1349 2538 1661 2619 mentem,
1712 2535 1839 2599 nisi
1881 2535 2234 2620 litigiosus„

511 2616 853 2701 Exciperet
937 2618 1220 2703 ominus,
1279 2640 1423 2685 cum
1465 2619 1786 2685 venderet.
1878 2618 2021 2684 Hoc
2065 2638 2330 2702 quoque

1599 2704 1827 2789 volgus

512 2784 906 2871 Chrysippus
948 2787 1136 2871 ponit
1176 2787 1451 2852 fecunda
1490 2788 1561 2852 in
1649 2791 1793 2853 ente
1835 2786 2113 2852 Meneni.

511 2869 853 2953 ‘Iuppiter,
897 2871 1192 2957 ingentes
1236 2872 1347 2954 qui
1389 2870 1501 2935 das
1634 2872 1647 2885 ⁰
1718 2872 1897 2955 isque
1941 2870 2193 2935 dolores
2205 2880 2253 2951 ,³

508 2952 717 3017 Mater
759 2954 851 3019 ait
891 2957 1072 3038 pueri
1112 2976 1366 3021 menses
1409 2956 1539 3019 iam
1583 2956 1861 3039 quinque
1906 2954 2201 3019 cubantis
2212 3001 2234 3038 ,

377 3047 483 3098 290
513 3035 799 3119 ‘Frigida
842 3038 897 3100 si
938 3060 1206 3121 puerum
1249 3042 1562 3123 quartana
1602 3039 1957 3123 reliquerit,
2001 3038 2112 3102 illo

507 3118 697 3183 Mane
742 3118 844 3183 die
857 3168 876 3202 ,
923 3141 1047 3204 quo
1091 3126 1165 3187 tu
1207 3123 1437 3188 indicis
1479 3124 1743 3208 ieiunia,
1787 3122 1995 3187 nudus

504 3202 587 3268 In
628 3202 844 3267 Tiberi
889 3205 1126 3269 stabit?
1217 3205 1419 3271 Casus
1463 3208 1823 3273 medicusve
1864 3207 2091 3272 levarit

504 3286 791 3372 Aegrum
834 3308 913 3352 ex
954 3289 1323 3373 praecipiti:
1366 3294 1574 3356 mater
1617 3292 1817 3357 delira
1857 3289 2115 3356 necabit

505 3370 584 3435 In
625 3371 838 3456 gelida
880 3373 1077 3437 fixum
1119 3373 1261 3457 ripa
1302 3374 1655 3458 febrimque
1698 3375 1973 3440 reducet.

373 3465 475 3515 295
507 3452 731 3530 Quone
774 3456 942 3521 malo
987 3459 1267 3522 mentem
1304 3458 1655 3523 concussa?
1701 3459 1956 3524 Timore
2000 3458 2338 3526 deorum..³
