2514 3950
408 156 535 220 212
1107 161 1621 219 nms'rvmnvn
2113 166 2351 237 [xvm.

536 324 703 400 Quid
744 324 991 389 minuat
1032 345 1243 406 curas,
1299 324 1452 408 quid
1493 327 1559 390 te
1600 324 1722 389 tibi
1763 323 1988 389 reddat
2029 327 2343 411 amicum,

535 407 701 483 Quid
742 429 898 491 pure
940 409 1342 493 tranquillet,
1394 408 1600 474 honos
1644 429 1729 473 an
1770 408 1952 474 dulce
1999 408 2310 476 lucellum
2320 460 2342 495 ‚

533 492 643 555 An
684 495 997 558 secretum
1037 494 1160 558 iter
1202 495 1268 557 et
1308 493 1590 558 fallentis
1635 493 1861 557 semita
1901 493 2092 558 vitae.

531 574 640 640 Me
683 577 976 660 quotiens
1019 577 1225 641 reficit
1266 577 1515 661 gelidus
1555 576 1866 661 Digentia
1905 577 2106 660 rime,

415 672 507 723 105
538 660 740 736 Quem
781 660 1081 725 Mandela
1122 660 1317 744 bibit,
1359 682 1630 746 rugosus
1672 661 1912 745 frigore
1953 682 2188 746 paguS,

535 744 702 820 Quid
746 745 984 809 sentire
1024 744 1257 829 putas?
1303 745 1456 829 quid
1484 745 1718 829 credis,
1763 745 1993 828 amice,
2036 746 2339 829 precari?

535 829 661 894 ‘Sit
699 828 876 907 mihi,
920 827 1090 912 quod
1131 850 1305 894 nunc
1348 831 1474 912 est,
1530 829 1724 927 etiam
1765 828 2007 913 minuS,
2064 832 2132 894 et
2173 831 2341 895 mihi

1620 934 1829 977 vivam

535 995 719 1071 Quod
763 999 1051 1080 superest
1090 998 1261 1081 aevi,
1306 997 1515 1081 siquid
1558 1018 1885 1082 superesse
1926 997 2155 1062 volunt
2196 997 2293 1083 di3

534 1079 634 1145 Sit
674 1080 848 1144 bona
889 1081 1198 1146 librorum
1241 1084 1307 1146 et
1393 1082 1638 1147 rovisae
1679 1082 1883 1166 frugis
1925 1082 1997 1145 in
2037 1102 2285 1146 annum

411 1176 508 1227 110
539 1163 631 1230 Co
680 1165 770 1249 ia,
814 1186 941 1230 neu
982 1165 1224 1230 fluitem
1270 1166 1355 1231 du
1396 1166 1496 1230 iae
1539 1187 1651 1250 spe
1692 1165 2007 1250 pendulus
2049 1164 2299 1232 horae.’

533 1248 616 1314 Se
702 1249 858 1315 satis
902 1253 1000 1314 est
1042 1270 1223 1315 orare
1264 1248 1513 1333 Iovem,
1557 1271 1718 1334 quae
1758 1250 1944 1334 ponit
1985 1251 2050 1314 et
2090 1249 2336 1315 aufert:

531 1331 662 1397 Det
714 1333 941 1417 vitam,
998 1334 1105 1399 det
1155 1355 1338 1420 opes;
1394 1355 1664 1418 aequum
1716 1355 1814 1481 mll³
1861 1334 2146 1398 animum
2192 1334 2338 1419 ipse

1616 1438 1773 1501 para
1817 1438 1873 1482 o.

1218 1705 1517 1779 XVHH.

531 1837 751 1902 Prisco
796 1839 852 1902 si
895 1835 1096 1901 credis
1110 1884 1128 1919 ,
1173 1835 1511 1901 Maecenas
1556 1836 1768 1920 docte,
1815 1836 2073 1903 Cratino

529 1921 727 1988 Nulla
766 1922 1016 2007 placere
1058 1920 1166 1986 diu
1207 1942 1329 1987 nec
1371 1921 1583 1987 vivere
1627 1921 1907 1986 carmina
1946 1923 2257 2007 possunt,

532 2007 709 2083 Quae
753 2007 1114 2072 scribuntur
1156 2027 1354 2089 aquae
1397 2005 1747 2090 potoribus,
1808 2005 1900 2071 Vt
1929 2007 2095 2070 male
2141 2027 2347 2073 sanos

531 2091 764 2156 Adscri
811 2092 895 2155 sit
936 2090 1127 2154 Liber
1170 2089 1412 2173 Satyris
1454 2089 1817 2174 Faunisque
1858 2092 2109 2174 poetas,

468 2187 502 2237 5
529 2173 703 2240 Vina
775 2195 877 2238 ere
920 2173 1134 2238 dulces
1178 2174 1476 2238 oluerunt
1515 2195 1702 2238 mane
1747 2173 2081 2240 Camenae.

531 2257 851 2321 Laudibus
895 2257 1184 2342 arguitur
1225 2258 1362 2322 vini
1402 2258 1664 2323 vinosus
1706 2257 2053 2343 Homerus;

529 2340 780 2407 Ennius
821 2341 960 2426 ipse
1001 2343 1184 2425 pater
1223 2363 1570 2425 numquam
1609 2341 1737 2407 nisi
1789 2345 1979 2426 potus
2034 2341 2115 2406 ad
2161 2364 2352 2410 arma

530 2424 837 2490 Prosiluit
880 2425 1160 2490 dicenda.
1251 2424 1509 2490 ‘Forum
1550 2427 1887 2510 putealque
1928 2425 2196 2491 Libonis

530 2508 849 2573 Mandabo
895 2510 1077 2574 siccis
1088 2559 1108 2594 ,
1155 2509 1431 2575 adimam
1475 2512 1728 2575 cantare
1772 2511 2004 2575 severis
2018 2518 2058 2574 :'

438 2605 503 2656 lc
534 2591 678 2657 Hoc
723 2593 912 2658 simul
955 2593 1151 2677 edixi,
1194 2615 1330 2658 non
1372 2615 1695 2660 cessavere
1783 2597 1963 2659 cetae

531 2676 598 2742 N
600 2680 867 2742 octurno
911 2679 1152 2742 certare
1193 2698 1399 2761 mero,
1442 2681 1665 2761 putere
1773 2699 1953 2743 urno.
2258 2740 2269 2749 ,

533 2759 746 2836 Quid?
793 2761 989 2845 siquis
1034 2760 1212 2826 voltu
1252 2764 1437 2826 torvo
1479 2762 1652 2827 ferus
1695 2765 1761 2827 ct
1847 2763 1961 2827 ede
2001 2762 2179 2827 nudo

514 2845 945 2931 'Exiguaeque
987 2848 1178 2930 togae
1222 2845 1478 2910 simulet
1516 2849 1763 2911 textore
1863 2849 2119 2911 atonem
2132 2895 2152 2931 ,

530 2928 935 2995 Virtutemne
976 2931 1408 3013 repraesentet
1448 2951 1783 3014 moresque
1826 2929 2140 2996 Catonis?

439 3025 500 3075 15
535 3012 736 3096 Rupit
775 3011 1083 3078 Iarbitam
1127 3013 1492 3098 Timagenis
1537 3015 1784 3080 aemula
1825 3015 2072 3100 lingua,

530 3094 702 3160 Dum
745 3096 959 3160 studet
997 3097 1276 3162 urbanus
1317 3098 1646 3182 tenditque
1690 3099 1959 3164 disertus
2000 3099 2266 3170 haberi.

531 3178 791 3263 Decipit
833 3182 1153 3265 exemplar
1194 3182 1367 3246 vitiis
1410 3183 1748 3249 imitabile:
1794 3183 1963 3268 quod
2007 3184 2064 3247 si

533 3264 848 3329 Pallerem
892 3286 1042 3331 casu
1051 3315 1070 3350 ,
1115 3265 1408 3333 biberent
1450 3289 1768 3353 exsangue
1813 3267 2162 3335 cuminum.

535 3346 587 3412 Ο
633 3349 1014 3434 imitatores,
1061 3372 1312 3416 servum
1353 3373 1575 3436 pecus,
1620 3355 1692 3417 ut
1732 3351 1892 3417 mihi
1935 3373 2129 3436 saepe

434 3443 499 3492 20
532 3430 770 3518 Bilem,
817 3456 1005 3519 saepe
1048 3435 1255 3501 iocum
1298 3437 1492 3502 vestri
1534 3456 1786 3502 movere
1828 3436 2178 3506 tumultus!
