2514 3950
358 165 595 222 XXVIII
1039 166 1603 222 PROLEGOMENA.

362 315 520 390 quod
577 315 641 373 in
704 332 914 386 versus
978 315 1332 390 paenultimi
1398 315 1654 375 secundo
1712 314 1911 374 iambo
1972 315 2279 375 invenitur

361 403 722 462 vocabulum
763 404 829 463 in
869 404 1137 463 iambum
1182 404 1398 476 exiens,
1447 402 1607 478 quod
1651 403 1891 479 quidem
1935 406 2028 463 est
2060 422 2275 465 nomen

360 491 699 567 proprium:

866 572 1016 626 hunc
1052 571 1248 626 Lesbio
1286 586 1504 627 sacrare
1540 571 1772 641 plectro.

495 669 600 742 26,
639 670 675 727 9
723 667 972 741 Pimplea·
1006 668 1205 728 dulcis.
1260 667 1395 727 Etsi
1429 667 1624 744 possit
1643 667 1897 728 'defendi
1930 668 2085 728 iuud
2117 669 2277 730 Pim-

356 755 494 829 plea
537 756 773 816 collatis
816 757 902 815 eis
940 773 1092 832 quae
1129 755 1370 814 exhibui
1415 756 1471 815 d.
1507 775 1557 818 r.
1592 776 1670 815 m.
1712 758 1857 829 257,
1903 758 2107 816 tamen
2142 777 2277 817 cum

361 846 459 903 sat
494 845 786 919 appareat
817 844 1296 921 Porphyrionem
1333 843 1632 904 invenisse
1674 843 1742 902 in
1778 845 2101 921 exemplari
2142 865 2277 922 pro-

359 931 491 1007 prio
535 932 854 992 lectionem
896 933 1185 1008 priorem,
1238 932 1305 992 in
1346 934 1459 992 hac
1504 932 2006 1008 adquiescendum
2048 935 2277 1010 putavi.

492 1039 541 1097 1,
588 1023 692 1095 27,
741 1024 823 1082 19
885 1022 1121 1082 laboras
1173 1019 1470 1114 Charybdi
1524 1021 1690 1082 codd.
1735 1021 1940 1098 multi,
2000 1022 2077 1082 al.
2124 1024 2280 1083 labo-

359 1109 574 1179 rabas‚·
620 1128 767 1169 corr.
801 1109 1015 1170 Aldus.

494 1199 598 1274 27,
639 1199 719 1257 23
749 1216 838 1274 sq.
881 1200 982 1258 vix
1014 1199 1323 1272 inliyatum
1358 1202 1411 1257 te
1445 1199 1701 1272 triformi
1734 1197 1994 1272 Peqasus
2030 1200 2283 1272 expediet

363 1283 692 1346 Chimaera.
772 1287 865 1344 Ex
907 1287 1020 1346 hoc
1062 1287 1192 1347 loco
1231 1285 1479 1345 ductum
1515 1285 1676 1360 quod
1708 1286 1892 1345 medii
1927 1287 2062 1346 aevi
2097 1288 2280 1363 scrip-

360 1376 525 1432 tores
555 1373 908 1433 Chimaerae
941 1373 1233 1434 vocabulo
1270 1373 1606 1449 promiscue
1642 1376 1899 1433 utuntur
1932 1394 2041 1451 pro
2079 1375 2280 1435 scorti.

360 1460 534 1520 Vnde
592 1460 886 1522 Iohannes
945 1462 1019 1520 de
1080 1459 1398 1521 Gallandia
1459 1458 1540 1537 [v.
1594 1458 1750 1538 582]
1813 1455 1939 1522 ‘est
1996 1465 2283 1523 meretrix

363 1552 628 1609 scortum
672 1550 858 1610 Thais
900 1551 1047 1625 lupa
1092 1568 1272 1625 capra
1308 1543 1664 1611 Chimaera'.
1735 1550 1963 1610 Praeiit
1996 1551 2281 1613 Valerius

363 1637 625 1713 epistula.
659 1638 735 1696 ad
768 1637 1054 1697 Rufinum
1090 1631 1486 1699 ‘Chimaeram
1520 1641 1697 1698 miser
1728 1642 1916 1699 nescis
1952 1656 2069 1700 esse
2104 1657 2284 1712 quam

352 1728 523 1800 petis·
597 1729 662 1785 et
704 1725 856 1786 scire
902 1726 1084 1786 debes
1129 1726 1288 1801 quod
1333 1728 1595 1801 triforme
1636 1728 1972 1786 monstrum
2006 1728 2158 1786 illud
2194 1728 2284 1787 in-

363 1814 551 1890 signis
595 1817 952 1874 venustetur
993 1813 1147 1872 facie
1190 1815 1401 1888 leoniS,
1446 1814 1661 1875 olentis
1701 1816 2036 1874 maculetur
2069 1819 2283 1876 ventre

362 1919 595 1978 caprae,
640 1902 977 1962 virulentae
1021 1905 1290 1961 armetur
1334 1902 1523 1962 cauda
1566 1897 1851 1979 viperae'.
1889 1934 1966 1945 —
2006 1903 2287 1980 Apparet

360 1990 620 2051 imitatio
678 1991 944 2066 Horatii,
1003 2009 1366 2068 quamquam
1422 1993 1709 2068 pleraque
1766 1992 1956 2051 traxit
1998 1987 2284 2053 Valerius

362 2099 435 2139 ex
477 2083 621 2139 noto
668 2080 917 2140 Homeri
957 2099 1157 2140 versU.
1779 2136 1783 2141 .

490 2187 533 2240 1,
571 2170 676 2227 28.
728 2168 858 2227 Hoc
894 2168 1153 2226 carmine
1190 2168 1408 2227 statuit
1435 2166 1739 2227 Weiskius
1778 2186 1913 2229 ann.
1940 2168 2145 2245 philol.
2173 2188 2284 2244 ΧΠ,

365 2260 399 2314 1
415 2300 431 2330 ,
479 2256 607 2314 359
658 2272 786 2330 sqq.
830 2254 1034 2314 induci
1073 2255 1261 2315 verba
1303 2255 1622 2314 facientem
1664 2256 1939 2314 umbram
1986 2257 2158 2316 eiecti
2204 2260 2290 2317 ad

359 2342 507 2401 litus
573 2341 922 2415 Calabrum,
987 2342 1203 2418 quibus
1268 2343 1659 2418 compelletur
1714 2344 2019 2420 Archytae
2083 2364 2152 2405 eo
2218 2347 2290 2405 in

360 2431 490 2490 loco
523 2430 762 2506 sepulti
803 2431 1019 2489 umbra
1062 2448 1132 2489 ac
1165 2434 1470 2506 postremo
1506 2435 1692 2491 nauta
1729 2434 2288 2509 praemi-navigans,

365 2518 559 2588 Quam
602 2518 1056 2600 explicationem
1109 2522 1181 2578 ut
1222 2520 1555 2580 Meinekius
1608 2522 1698 2580 ita
1748 2540 1858 2581 nos
1910 2522 2291 2597 probandam

364 2606 792 2666 existimamus.
865 2605 1148 2666 Ceterum
1192 2625 1431 2667 carmen
1467 2609 1597 2685 hoc,
1641 2612 1713 2668 ut
1747 2628 1787 2683 1,
1829 2614 1886 2684 7,
1930 2610 2089 2668 inter
2123 2611 2291 2670 anti-

362 2694 651 2772 quissima
695 2714 825 2756 esse
869 2695 1110 2755 Horatii
1152 2696 1286 2770 ipso
1332 2700 1523 2756 metro
1569 2696 1811 2757 videtur
1854 2697 2121 2758 indicari.

498 2786 599 2861 28,
631 2785 668 2845 5
708 2803 795 2861 sq.
832 2786 1029 2844 aerias
1064 2789 1367 2858 temptasse
1402 2786 1599 2844 domos
1635 2789 1937 2858 animoque
1969 2789 2297 2847 rotundum

232 2953 235 2954 ⁷
350 2875 721 2945 percurrisse
763 2874 998 2947 pobum..
1077 2873 1196 2931 Pro
1241 2872 1349 2932 illo
1397 2876 1594 2933 aerias
1638 2874 1847 2949 reponi
1880 2874 2015 2934 vult
2058 2875 2300 2935 Meine-

360 2960 498 3019 kius
536 2957 835 3020 aetherias.
909 2960 1026 3019 Sed
1059 2961 1163 3021 vix
1199 2979 1367 3037 opus.
1443 2961 1542 3019 Ita
1579 2962 1738 3020 enim
1775 2959 2049 3021 Catullus
2091 2959 2298 3039 [nvn

360 3049 399 3107 5
450 3044 564 3124 sq.]
623 3041 715 3107 ‘ut
760 3047 1031 3108 Triviam
1080 3048 1297 3108 furtim
1352 3049 1464 3109 sub
1509 3048 1752 3108 Latmia
1805 3068 1949 3109 saxa
2002 3051 2299 3127 relegans

361 3136 550 3195 dulcis
588 3154 756 3195 amor
791 3155 945 3212 gyro
983 3135 1232 3196 devocet
1268 3130 1473 3197 aerio'.
1538 3137 1621 3196 Et
1645 3137 1828 3213 Verg.
1868 3156 2003 3196 cum
2041 3156 2300 3215 campos

358 3223 570 3301 Elysii,
607 3225 923 3300 vulgarem
959 3224 1199 3283 secutus
1239 3225 1596 3300 opinionem,
1633 3225 1895 3302 largiore
1932 3227 2176 3286 aethere
2220 3248 2304 3289 ac

356 3331 658 3389 purpureo
703 3312 928 3372 lumine
974 3311 1188 3372 vestiri
1241 3312 1491 3374 dixisset
1548 3304 1719 3393 [Aen.
1766 3333 1856 3389 VI,
1907 3312 2091 3392 640]‚
2147 3336 2308 3378 mox

356 3404 561 3462 tamen
610 3398 717 3477 [ib.
758 3398 914 3478 886]
954 3400 1102 3459 haec
1147 3400 1484 3475 subiungit:

268 3709 289 3724 „
380 3701 415 3764 χ
