2514 3950
160 167 262 239 vi]
946 167 1164 222 LmER
1203 169 1247 224 1.
1939 162 2061 228 143

161 328 268 393 Sed
302 327 586 427 fulgente
627 326 829 392 trahit
870 328 1248 393 constrictos
1293 330 1501 413 gloria
1543 352 1728 396 curru

157 412 289 478 Non
328 434 537 477 minus
580 412 840 498 ignotos
882 412 1231 496 generosis.
1322 412 1461 488 Quo
1505 414 1653 496 tibi,
1698 414 1878 498 Tilli,

159 496 392 561 Sumere
438 496 797 581 depositum
841 497 1090 561 clavum
1129 496 1391 580 fierique
1431 496 1691 562 tribuno
1705 497 1739 560 ‘2
1993 512 2058 562 25

154 581 382 649 Invidia
426 581 734 664 adcrevit,
777 581 1026 665 privato
1072 603 1237 665 quae
1276 582 1490 646 minor
1532 585 1717 646 essct.

152 665 302 732 Nam
322 668 394 730 ut
415 667 680 751 quisque
700 666 965 730 insanus
984 666 1189 751 nigris
1210 665 1492 732 medium
1514 665 1807 750 impediit
1823 687 1965 731 crus

150 750 412 815 Pellibus
459 754 523 815 et
565 751 767 815 latum
811 750 1068 815 demisit
1109 753 1367 836 pectore
1411 753 1691 834 clavum,

148 835 330 900 Audit
351 835 654 901 continuo
680 836 843 919 ‘quis
865 835 1058 900 homo
1080 836 1186 900 hic
1207 839 1321 900 aut
1341 857 1466 920 quo
1483 838 1665 921 patre
1684 838 1875 901 natus
1885 834 1945 900 ‘P

148 919 233 984 Vt
271 920 432 1004 siqui
478 922 770 1004 aegrotet
811 941 935 1003 quo
980 921 1207 985 morbo
1249 919 1488 985 Barrus
1502 970 1520 1005 ,
1564 920 1788 985 haberi
1995 932 2065 982 30

145 1003 231 1068 Vt
269 1005 477 1088 cupiat
517 1004 836 1067 formosus
848 1052 868 1086 ,
913 1007 1016 1067 eat
1059 1025 1484 1101 quacumque,
1526 1006 1756 1102 puellis

145 1087 365 1151 Iniciat
405 1108 622 1151 curam
665 1088 1008 1170 quaerendi
1048 1089 1304 1172 singula
1315 1136 1334 1170 ,
1379 1089 1552 1172 quali

147 1169 241 1236 Sit
277 1170 468 1253 facie,
515 1191 692 1253 sura,
737 1171 909 1254 quali
950 1170 1143 1254 pede,
1189 1171 1409 1254 dente,
1455 1173 1718 1257 capillo:

145 1255 245 1320 Sic
287 1255 393 1339 qui
435 1254 784 1339 promittit,
831 1255 1028 1339 cives,
1072 1256 1299 1320 urbem
1343 1255 1465 1321 sibi
1509 1278 1727 1340 curae,

141 1339 479 1423 Imperium
520 1339 661 1404 fore
703 1342 769 1404 ct
809 1339 1085 1403 Italiam-
1106 1343 1172 1405 et
1214 1341 1477 1405 delubra
1520 1341 1812 1424 deorum,
1995 1356 2063 1406 35

143 1424 276 1500 Quo
304 1427 485 1508 patre
516 1424 603 1488 sit
627 1426 836 1506 natuS,
869 1445 1026 1488 num
1053 1425 1281 1510 ignota
1307 1428 1512 1490 matre
1539 1425 1935 1510 inhonestuS,

144 1507 372 1574 Omnes
415 1509 719 1573 mortales
764 1530 983 1574 curare
1028 1512 1092 1574 ct
1134 1532 1436 1594 quaerere
1480 1510 1672 1595 cogit.

628 1592 873 1658 Damae
948 1598 1060 1658 aut
1100 1593 1374 1679 Dionysi
1416 1596 1615 1679 filius,
1659 1594 1852 1659 audes

139 1592 364 1678 ‘'Pune,
412 1593 553 1741 Sgri
566 1643 585 1677 ,

136 1677 398 1742 Deicerc
485 1700 519 1743 e
564 1700 717 1743 saxo
764 1679 931 1743 cives
975 1682 1085 1743 aut
1125 1680 1376 1744 tradere
1422 1678 1733 1746 Cadmo‘P’

135 1763 247 1825 ‘At
286 1761 531 1827 Novius
577 1763 826 1847 collega
867 1763 1072 1848 gradu
1114 1768 1266 1847 post
1304 1786 1407 1828 me
1452 1765 1630 1830 sedet
1670 1785 1830 1829 uno:
1997 1777 2066 1827 40

132 1846 193 1911 N
199 1850 489 1930 amquest
530 1846 668 1928 ille,
712 1847 894 1928 pater
938 1847 1107 1930 quod
1139 1851 1276 1911 erat
1316 1856 1540 1912 meus.'
1610 1847 1776 1913 ‘Hoc
1817 1848 1937 1912 tibi

1348 1930 1611 1997 Paullus

129 2016 219 2081 Et
262 2014 567 2079 Messalla
609 2014 886 2079 videris?
957 2015 1050 2080 At
1090 2015 1226 2098 hic,
1273 2016 1329 2079 si
1369 2016 1615 2099 plostra
1658 2015 1931 2080 ducenta

133 2099 663 2181 Concurrantque
706 2098 848 2163 foro
890 2100 1017 2164 tria
1058 2100 1318 2183 funera,
1358 2122 1600 2185 magna
1642 2100 1898 2164 sonabit

129 2182 392 2249 Cornua
453 2184 581 2248 uod
606 2183 944 2267 vincatque
965 2184 1182 2249 tubas:
1212 2185 1439 2250 saltem
1460 2187 1639 2249 tenet
1658 2182 1783 2249 hoc
1797 2190 1963 2249 nos?

124 2267 194 2333 N
194 2288 325 2332 unc
491 2290 595 2333 me
637 2268 827 2333 redeo
871 2269 1171 2334 libertino
1215 2273 1398 2354 patre
1438 2273 1692 2353 natum,
1997 2281 2066 2331 45

127 2352 337 2427 Quem
378 2352 615 2417 rodunt
658 2374 879 2419 omnes
922 2355 1221 2418 libertino
1266 2358 1447 2438 patre
1487 2357 1743 2436 natum,

121 2436 324 2502 Nunc
335 2487 354 2521 ,
378 2438 528 2521 quia
550 2459 692 2501 sum
712 2438 861 2521 tibi,
891 2438 1261 2521 Maecenas,
1285 2439 1642 2523 convictor,
1675 2441 1743 2502 at
1763 2438 1937 2523 olim,

122 2520 321 2596 Quod
361 2521 522 2585 mihi
564 2524 818 2604 pareret
859 2523 1027 2606 legio
1071 2522 1365 2587 Romana
1406 2524 1684 2588 tribuna

117 2603 463 2670 Dissimile
505 2604 630 2669 hoc
669 2604 855 2689 illist,
901 2606 1050 2703 quia
1076 2627 1240 2693 non,
1286 2611 1359 2672 ut
1399 2607 1587 2673 forsit
1628 2607 1940 2672 honorem

115 2689 274 2755 Iure
305 2688 467 2754 mihi
506 2689 789 2754 invideat
831 2691 1066 2774 qmvis,
1109 2691 1202 2756 ita
1242 2695 1308 2757 te
1353 2714 1602 2777 quoque
1633 2693 1939 2773 amicum,
1998 2703 2068 2753 50

116 2774 521 2841 Praesertim
565 2777 818 2839 cautum
862 2775 1090 2860 dignos
1130 2776 1489 2860 adsumere,
1533 2798 1731 2859 prava

107 2860 504 2924 Ambitione
547 2860 790 2942 procul.
876 2860 1155 2925 Felicem
1198 2860 1406 2924 dicere
1447 2880 1584 2923 non
1625 2858 1750 2924 hoc

106 2944 227 3008 Me
274 2943 552 3028 possim,
600 2965 750 3009 casu
794 2944 965 3028 quod
1005 2947 1071 3009 te
1116 2944 1379 3010 sortitus
1423 2943 1728 3008 amicum:

105 3027 329 3094 Nulla
373 3028 612 3093 etenim
654 3027 814 3092 mihi
855 3031 921 3093 te
963 3028 1096 3092 fors
1141 3027 1401 3114 obtulit3
1448 3028 1728 3112 optimus
1773 3029 1926 3093 olim

104 3110 483 3197 Vergilius,
528 3115 678 3196 post
719 3111 891 3176 hunc
932 3110 1166 3176 Varius
1211 3112 1424 3178 dixere
1469 3113 1622 3197 quid
1664 3134 1890 3179 essem.
2000 3124 2068 3175 55

103 3194 210 3258 Vt
256 3196 412 3260 veni
456 3218 701 3281 coram,
748 3196 1083 3281 singultim
1124 3218 1331 3280 pauca
1379 3198 1659 3282 locutae,

100 3278 357 3343 Infans
401 3300 676 3365 namque
717 3281 925 3365 pudor
964 3281 1350 3365 prohibebat
1389 3283 1577 3368 plura
1626 3281 1896 3366 profari,

94 3363 276 3429 Non
312 3383 436 3448 ego
480 3385 583 3427 me
628 3367 799 3430 claro
842 3368 1068 3431 natum
1110 3368 1324 3451 patre,
1368 3389 1504 3433 non
1548 3388 1668 3453 ego
1701 3366 1940 3432 circum

92 3447 228 3513 Me
270 3446 658 3514 Satureiano
701 3447 936 3516 vectari
979 3473 1130 3516 rura
1174 3452 1423 3517 caballo
1432 3501 1454 3536 ,
