2514 3950
171 33 518 292 ΛΒ
1127 139 1550 196 SATIRARVM
2206 135 2330 210 [VI.

527 302 853 368 Thesauro
897 303 1158 368 invento
1205 303 1316 388 qui
1357 301 1827 368 mercennarius
1871 321 2096 388 agrum

519 387 712 452 Illum
755 387 965 471 ipsum
1007 390 1322 452 mercatus
1367 388 1598 472 aravit,
1645 386 1820 451 dives
1864 386 2066 452 amico

519 471 850 537 Herculel'
896 473 980 557 si,
1011 472 1181 557 quod
1210 472 1419 558 adest,
1452 474 1708 621 gratutgr
1736 471 1940 557 iuvat3
1985 469 2105 534 hac
2133 490 2329 553 prece

1713 576 1862 619 oro:

519 641 769 726 Pingue
815 662 1008 725 pecus
1054 640 1313 705 domino
1358 640 1555 705 facias
1600 642 1665 705 et
1707 642 1915 704 cetera
1957 640 2209 723 praeter

396 738 459 788 15
514 725 883 811 Ingenium,
927 727 1121 807 utque
1151 724 1319 790 soles
1348 727 1562 790 custos
1585 724 1745 789 mihi
1772 724 2086 788 maximus
2115 722 2324 788 adsis!

518 810 696 906 Ergo
725 811 837 875 ubi
859 831 960 873 me
989 809 1061 872 in
1081 811 1333 874 montes
1357 812 1421 874 et
1440 809 1512 872 in
1534 830 1745 873 arcem
1775 830 1853 873 ex
1873 808 2029 872 urbe
2056 808 2328 891 removi,

520 893 687 969 de
729 894 906 977 prius
946 893 1284 957 inlustrem
1328 892 1538 958 satiris
1582 892 1891 975 Musaque
1933 891 2256 976 pedestri?

517 977 582 1043 Ν
585 998 657 1041 ec
684 978 853 1042 mala
880 998 982 1043 me
1012 977 1276 1042 ambitio
1368 977 1532 1042 erdit
1555 998 1676 1042 nec
1717 977 2052 1060 plumbeus
2083 975 2328 1040 Auster

515 1062 1003 1146 Autumnusque
1046 1062 1291 1148 gravis,
1395 1061 1654 1126 'bitinae
1699 1083 1779 1144 qu
1790 1066 2000 1125 aestus
2042 1062 2330 1129 acerbae.

392 1159 460 1208 20
495 1145 829 1220 ‚Matutine
872 1149 1082 1231 pater,
1129 1168 1240 1212 seu
1281 1145 1436 1211 Iane
1479 1145 1782 1210 libentius
1827 1145 2037 1228 audiS,

516 1230 702 1296 Vnde
744 1230 1037 1296 homines
1081 1252 1344 1314 operum
1388 1231 1630 1314 primos
1672 1230 1963 1314 vitaeque
2006 1227 2256 1293 labores

516 1314 871 1381 Instituunt
914 1315 1034 1401 (sic
1077 1314 1173 1379 dis
1215 1314 1583 1399 placitum),
1625 1317 1698 1380 tu
1742 1313 2040 1378 carminis
2085 1315 2222 1376 esto

515 1399 928 1497 Principium.
1015 1399 1260 1464 Romae
1304 1421 1677 1485 sponsorem
1720 1420 1823 1463 me
1865 1398 2053 1483 rapis·
2142 1395 2325 1481 ‘Eia‚

517 1482 618 1548 Ne
659 1505 837 1567 prior
880 1484 1093 1549 officio
1139 1485 1473 1567 quisquam
1515 1483 1927 1568 respondeat,
1972 1487 2219 1567 urgue.'

390 1578 456 1627 25
517 1566 662 1631 Sive
705 1568 942 1650 Aquilo
985 1568 1153 1636 radit
1193 1571 1395 1632 terras
1439 1590 1550 1633 seu
1592 1568 1817 1633 bruma
1858 1567 2133 1632 nivalem

515 1649 827 1715 Interiore
872 1651 1040 1716 diem
1205 1672 1243 1716 o
1286 1651 1487 1717 trahit
1497 1701 1516 1736 ,
1561 1653 1653 1717 ire
1695 1654 2034 1718 necessest.

514 1734 894 1819 Postmodo,
940 1757 1064 1820 quo
1137 1736 1227 1800 mi
1260 1736 1457 1819 obsit,
1504 1737 1670 1802 clare
1695 1741 2059 1820 certumque
2102 1735 2328 1801 locuto

516 1818 914 1886 Luctandum
956 1821 1028 1884 in
1069 1820 1257 1885 turba
1301 1824 1366 1886 et
1407 1821 1699 1887 facienda
1740 1821 1971 1886 iniuria
2012 1819 2233 1885 tardis,

517 1903 707 1981 ‘Quid
728 1905 843 1990 vis,
869 1906 1110 1992 insane,
1134 1909 1198 1970 et
1220 1927 1376 1991 quas
1397 1928 1498 1973 res
1522 1906 1729 1993 agis‘P'
1760 1905 2066 1991 inprobus
2088 1907 2332 1990 urguet

388 2002 456 2052 30
511 1989 701 2056 Iratis
743 1992 1068 2075 precibus:
1115 1994 1208 2056 ‘tu
1257 1993 1474 2075 pulses
1519 2013 1707 2056 omne
1750 1991 1920 2076 quod
1961 1991 2207 2074 obstat,

515 2074 620 2139 Ad
662 2074 1097 2142 Maecenatem
1141 2076 1408 2141 memori
1449 2077 1504 2142 si
1557 2079 1770 2140 mente
1812 2079 2143 2142 recurras.'

513 2158 659 2223 Hoc
686 2159 863 2224 iuvat
891 2164 957 2224 et
982 2160 1251 2244 mellist,
1293 2181 1429 2225 non
1468 2161 1757 2226 mentiar.
1804 2160 1894 2224 At
1928 2159 2117 2223 simul
2146 2161 2328 2225 atras

512 2240 858 2307 Ventumst
899 2243 1250 2327 Esquilias,
1297 2245 1505 2308 aliena
1545 2245 1807 2330 negotia
1850 2247 2106 2309 centum

512 2325 636 2390 Per
681 2330 869 2411 caput
912 2329 977 2392 et
1009 2328 1176 2392 circa
1219 2328 1457 2393 saliunt
1501 2329 1682 2394 latus.
1747 2329 1943 2393 ‘Ante
1974 2327 2326 2394 secundam

387 2420 453 2470 35
509 2409 778 2474 Roscius
824 2413 1045 2479 orabat
1087 2412 1209 2476 sibi
1252 2412 1507 2477 adesses
1551 2412 1631 2477 ad
1674 2413 1898 2478 Puteal
1943 2434 2099 2478 cras.

512 2492 611 2557 De
653 2514 723 2557 re
769 2496 1090 2561 communi
1134 2497 1379 2562 scribae
1423 2519 1660 2583 magna
1702 2500 1892 2580 atque
1934 2518 2101 2562 nova
2141 2498 2212 2561 te

514 2576 801 2642 Orabant
841 2577 1032 2644 hodie
1075 2582 1503 2667 meminisses,
1551 2582 1814 2665 Quinte,
1857 2582 2108 2647 reverti.

511 2661 827 2746 Inprimat
867 2663 998 2747 his,
1045 2685 1194 2729 cura
1207 2712 1225 2748 ,
1271 2665 1605 2731 Maecenas
1650 2668 1837 2751 signa
1878 2665 2179 2731 tabellis?

511 2745 795 2831 Dixeris,
842 2748 1154 2833 experiar:
1215 2749 1295 2813 ‘si
1331 2750 1457 2834 vis,
1500 2753 1684 2834 potes
1695 2759 1737 2833 ‚'
1786 2749 1964 2815 addit
1992 2752 2055 2814 et
2093 2750 2324 2817 instat.

383 2842 451 2892 40
510 2830 830 2915 Septimus
877 2836 1098 2898 octavo
1142 2833 1405 2917 propior
1446 2835 1576 2899 iam
1736 2835 1857 2901 erit
1899 2856 2104 2900 annus
2114 2883 2133 2918 ,

506 2913 610 2980 Ex
653 2937 778 2999 quo
822 2917 1157 2982 Maecenas
1200 2938 1304 2981 me
1349 2919 1560 3002 coepit
1606 2919 1692 2985 ha
1737 2941 1846 2984 ere
1885 2940 2140 2984 suorum

509 2999 590 3063 In
617 3020 913 3084 numero,
960 3001 1287 3066 dumtaxat
1317 3002 1398 3066 ad
1440 3003 1563 3069 hoc
1574 3052 1593 3087 ,
1639 3026 1826 3088 quem
1865 3003 2088 3069 tollere
2116 3003 2329 3069 raeda

507 3082 722 3148 Vellet
764 3084 886 3147 iter
928 3084 1171 3149 faciens
1183 3134 1202 3169 ,
1249 3089 1316 3151 et
1358 3088 1460 3153 cui
1505 3089 1879 3154 concredere
1922 3109 2127 3173 nugas

506 3166 650 3231 Hoc
703 3188 939 3252 genus:
997 3168 1197 3233 ‘Hora
1252 3173 1551 3255 quotast‘?
1640 3173 1850 3237 Thrax
1906 3175 2005 3236 est
2054 3170 2332 3240 Gallina
2456 3105 2459 3235 ⁴

380 3347 444 3396 45
503 3334 823 3401 Matutina
865 3360 1087 3437 parum
1133 3344 1351 3408 cautos
1394 3342 1522 3406 iam
1562 3256 2144 3426 gazapzligrdent
2161 3339 2392 3432 ς’ὴκ,
2441 3293 2457 3464 ]

505 3419 593 3483 Et
637 3441 794 3504 quae
836 3445 1075 3490 rimosa
1117 3425 1279 3493 bene
1324 3427 1727 3511 deponuntur
1770 3427 1839 3491 in
1881 3448 2048 3491 aure.
2387 3421 2428 3444 ““
