2514 3950
263 177 399 232 XIV
622 192 625 193 ’
946 173 1445 230 PROLEGOMEN
1446 173 1509 228 A.

261 319 592 383 interdum
646 319 715 383 in
759 317 1369 402 metamorphoseon
1428 317 1613 382 libris
1668 339 1803 384 non
1854 318 2047 384 modo
2105 319 2184 384 de

264 408 482 472 verbis
540 407 842 493 singuliS,
888 407 998 471 sed
1055 407 1132 471 de
1175 406 1605 472 hemistichiis
1653 411 1767 471 aut
1814 407 1973 473 adeo
2020 408 2180 472 totis

265 497 562 561 versibus
634 495 848 579 possis
914 494 1241 579 dubitare,
1314 517 1460 560 cum
1528 494 2012 581 dittographiae
2075 498 2180 561 vel

268 585 545 649 maxime
601 585 890 649 diversae
942 583 1208 669 perinde
1262 587 1482 648 tamen
1536 583 1669 648 sint
1724 584 2057 669 elegantes
2115 589 2180 650 et

264 672 497 738 Ovidio
546 673 795 774 dignae.

399 761 493 825 At
532 761 733 844 siquis
772 761 933 825 mihi
961 760 1271 825 obiecerit
1295 704 1558 826 Horatii
1592 760 1797 825 libros
1828 762 2178 827 studiosius

264 871 408 914 esse
445 850 789 915 lectitatos
813 871 930 933 per
967 849 1248 913 medium
1288 871 1520 915 aevum
1559 871 1753 934 quam
1783 849 1995 914 Ovidii
2030 850 2179 914 inde

266 959 460 1022 posse
503 938 828 1022 concludi,
883 937 1055 1021 quod
1099 937 1319 1022 plures
1366 938 1615 1004 codices
1662 938 1914 1022 antiqui
1960 942 2180 1003 extent

262 1026 530 1091 illorum
577 1049 773 1110 quam
807 1026 1059 1109 horum,
1104 1026 1507 1110 respondebo
1544 1026 1669 1092 hac
1704 1026 1849 1111 ipsa
1893 1048 1963 1091 re
2010 1049 2178 1092 com·

267 1115 531 1199 probari
574 1137 799 1179 verum
846 1136 986 1179 esse
1033 1114 1203 1198 quod
1250 1115 1399 1180 dixi.
1489 1114 1741 1200 Nempe
1787 1114 2001 1181 Ovidii
2046 1138 2179 1181 car-

265 1203 461 1288 mina,
508 1203 679 1287 quod
706 1202 1011 1268 continuo
1049 1204 1429 1268 terebantur
1464 1225 1587 1269 usu
1622 1208 1760 1269 tam
1799 1225 1990 1288 saepe
2028 1208 2181 1269 sunt

262 1292 617 1376 descripta,
673 1295 747 1356 ut
804 1292 1072 1375 antiqua
1126 1292 1547 1375 exemplaria,
1594 1292 1827 1375 quibus
1873 1292 2005 1356 iam
2051 1315 2182 1357 non

267 1402 428 1464 opus
486 1401 625 1444 esse
670 1378 1022 1462 videretur,
1076 1379 1360 1443 iacerent
1412 1379 1712 1464 neglecta
1758 1401 1832 1444 ac
1876 1380 2181 1464 perirent,

262 1491 412 1533 cum
451 1467 748 1532 servandi
785 1470 1002 1532 essent
1037 1467 1286 1532 codices
1324 1465 1601 1531 Horatii.
1664 1466 1770 1530 Ita
1803 1467 2001 1532 etiam
2027 1472 2180 1551 post

267 1557 598 1622 inventam
662 1560 870 1622 artem
933 1554 1475 1640 typographicam
1544 1554 1699 1618 libri
1759 1554 1932 1619 haud
1991 1556 2181 1638 pauci

263 1646 678 1730 cupidissime
742 1644 896 1710 lecti
959 1644 1042 1708 ab
1105 1642 1478 1710 hominibus
1539 1646 1607 1706 et
1660 1643 2048 1708 contrectati
2106 1665 2181 1708 ac

267 1734 490 1798 detriti
550 1732 733 1818 vulgi
791 1753 912 1796 usu
971 1733 1085 1795 aut
1141 1731 1391 1815 periere
1445 1734 1561 1795 aut
1605 1752 1733 1795 uno
1777 1730 1883 1795 vel
1930 1729 2178 1795 duobus

262 1821 509 1888 servati
553 1822 780 1886 extant
824 1818 1317 1903 exemplaribus.

398 1909 522 1973 His
569 1907 880 1994 expositis
928 1910 1202 1991 apparet
1253 1910 1321 1971 et
1366 1906 1696 1972 difficilem
1740 1906 2066 1972 interdum
2113 1911 2179 1971 et

264 1999 645 2086 plerumque
672 2019 904 2082 parum
938 1994 1345 2061 fructuosum
1374 2018 1514 2062 esse
1550 1997 1841 2062 laborem
1881 2018 1959 2061 ex
1988 1996 2181 2062 ditto-

264 2087 559 2173 graphiis
596 2085 977 2151 Horatianis
1022 2084 1226 2169 ipsius
1273 2088 1504 2169 poetae
1540 2087 1741 2151 verba
1776 2085 2179 2151 restituendi

265 2175 437 2240 Nam
465 2176 807 2259 plerasque
845 2194 1066 2238 omnes
1099 2174 1502 2257 corruptelas
1531 2178 1597 2238 et
1624 2173 2181 2259 interpolationeS,

267 2263 500 2347 quibus
546 2262 851 2327 laborant
896 2260 1158 2325 Horatii
1201 2261 1517 2343 carmina,
1563 2262 1793 2345 primis
1840 2261 2181 2347 sexaginta

264 2354 419 2436 post
472 2354 750 2415 mortem
805 2350 941 2414 eius
999 2349 1185 2415 annis
1238 2350 1578 2451 irrepsisse
1622 2349 1693 2414 in
1738 2349 1873 2414 eius
1930 2348 2179 2414 codices

266 2443 335 2503 et
381 2439 539 2504 olim
585 2438 717 2502 dixi
759 2459 968 2522 neque
1011 2460 1181 2503 nunc
1227 2438 1615 2503 sententiam
1662 2441 1861 2503 muto.

399 2528 490 2593 Et
541 2527 707 2591 istae
764 2526 1021 2611 quidem
1076 2528 1481 2611 corruptelae
1537 2549 1682 2592 cum
1735 2548 2002 2592 numero
2047 2548 2180 2592 non

267 2616 403 2680 sint
438 2617 703 2700 multae,
736 2615 839 2680 bis
876 2619 1057 2680 terve
1095 2619 1247 2680 sunt
1282 2618 1420 2680 tam
1458 2636 1709 2702 graves,
1745 2618 1818 2680 ut
1843 2636 1925 2680 ne
1955 2637 2179 2681 sensus

268 2704 556 2789 quidem,
606 2725 689 2769 ne
736 2704 886 2768 dum
941 2703 1140 2768 verba
1193 2703 1457 2769 Horatii
1511 2725 1889 2788 recuperare
1948 2705 2181 2789 possis,

266 2793 466 2859 Cuius
512 2793 608 2859 rei
653 2793 1018 2877 exemplum
1063 2795 1164 2856 est
1209 2810 1311 2877 111,
1351 2794 1452 2877 14,
1502 2794 1585 2858 10
1631 2814 1796 2877 sqq.:

759 2920 861 2959 vos
896 2920 929 2959 ο
963 2902 1123 2973 pueri
1158 2904 1218 2959 et
1250 2904 1476 2973 puellae

619 2975 734 3030 iam
769 2974 954 3029 virum
987 2976 1252 3043 expertae
1288 2975 1435 3031 male
1470 2975 1793 3031 inominatis

619 3046 833 3115 parcite
869 3044 1085 3101 verbis!

398 3146 603 3212 Nam
634 3146 704 3210 in
766 3144 889 3223 eis,
963 3166 1125 3229 quae
1191 3150 1345 3211 sunt
1405 3146 1558 3211 iam
1609 3148 1813 3212 virum
1866 3144 2183 3229 expertae,

264 3257 415 3299 cum
430 3255 664 3336 ‘neque
709 3194 966 3319 puellae
1003 3236 1336 3318 potuerint
1372 3234 1608 3320 respici
1636 3273 1717 3286 --
1749 3257 1981 3320 nempe
2018 3196 2183 3298 illud

261 3323 442 3404 pueri
502 3328 561 3387 et
597 3323 842 3403 puellae
893 3322 1025 3406 vel,
1091 3326 1165 3387 ut
1229 3323 1392 3387 dixit
1447 3324 1805 3409 Vergiliu8‚
1847 3324 2035 3406 pueri
2087 3324 2184 3387 in-

261 3416 605 3494 nuptaeque
641 3411 884 3493 puellae
927 3409 1249 3476 formulae
1296 3414 1397 3476 est
1440 3410 1651 3476 instar
1694 3449 1768 3459 —
1809 3433 1928 3476 nec
1971 3411 2184 3497 magis
