2514 3950
209 173 423 248 xvm]
1015 175 1230 231 LIBER
1273 177 1317 232 L
2050 170 2125 234 17

1024 408 1287 482 XVIII.

209 534 498 620 Nullam,
543 536 712 602 Vare
723 585 741 620 ‚
788 559 970 603 sacra
1011 539 1140 604 vite
1183 540 1361 622 prius
1406 540 1640 604 severis
1685 540 1974 603 arborem

210 618 392 684 Circa
432 620 586 684 mite
628 622 837 685 solum
881 621 1135 687 Tiburis
1180 626 1246 687 et
1286 623 1545 687 moenia
1588 620 1808 708 Catili3

208 701 403 768 Siccis
448 705 665 768 omnia
706 727 856 769 nam
900 706 1058 770 dura
1101 707 1255 772 deus
1344 706 1636 791 roposuit
1663 729 1871 789 neque

206 785 535 852 Mordaces
581 789 765 853 aliter
808 789 1153 875 diffugiunt
1196 791 1294 855 sol
1327 791 1676 855 ‘citudines.

206 920 359 996 Quis
372 925 522 1006 post
538 923 689 986 vina
701 944 962 1019 gravem
974 924 1270 988 militiam
1288 927 1400 988 aut
1410 925 1778 1008 pauperiem
1791 923 2050 1008 crepat?
2094 937 2126 987 5

206 1004 360 1079 Quis
372 1026 508 1068 non
519 1007 585 1069 te
597 1008 832 1089 pot1us‚
845 1006 1097 1071 Bacche
1109 1010 1309 1103 pater,
1320 1011 1529 1091 teque,
1545 1008 1775 1073 decens
1787 1006 2049 1073 Venus?

206 1088 304 1151 Ac
343 1088 569 1170 nequis
612 1088 849 1152 modici
889 1090 1214 1153 transihat
1254 1112 1522 1154 munera
1562 1091 1805 1174 Liberi,

206 1169 564 1235 Centaurea
604 1174 826 1235 monet
868 1193 1013 1236 cum
1055 1171 1348 1256 Lapithis
1390 1172 1531 1236 rixa
1573 1195 1763 1256 super
1804 1195 1977 1239 mero

205 1301 573 1388 Debellata,
617 1308 839 1370 monet
881 1305 1192 1372 Sithoniis
1234 1328 1370 1371 non
1411 1306 1568 1371 levis
1611 1306 1887 1391 Euhius,

204 1386 368 1452 Cum
410 1388 508 1453 fas
553 1390 744 1472 atque
785 1390 966 1454 nefas
1011 1390 1239 1476 exiguo
1282 1391 1411 1455 fine
1452 1390 1790 1456 libidinum
2065 1405 2130 1454 ιο

205 1469 593 1537 Discernunt
627 1472 815 1538 avidi.
882 1472 1036 1540 Non
1065 1495 1185 1559 ego
1228 1477 1325 1557 te,
1372 1474 1638 1539 candide
1666 1475 2001 1560 Bassareu,

203 1553 483 1620 Invitum
526 1556 807 1640 quatiam
879 1579 1000 1623 nec
1042 1559 1234 1624 variis
1279 1559 1491 1645 obsita
1531 1559 1865 1624 frondibus

204 1687 335 1753 Sub
382 1689 597 1754 divum
638 1692 899 1775 rapiam.
989 1692 1191 1759 Saeva
1230 1697 1380 1758 tene
1425 1716 1569 1758 cum
1611 1693 1990 1777 Berecyntio

206 1771 423 1837 Cornu
450 1776 775 1858 tympana,
806 1798 967 1860 quae
997 1778 1403 1861 subsequitur
1428 1798 1651 1843 caecus
1681 1799 1860 1842 amor
1883 1779 1999 1862 sui,

205 1854 295 1920 Et
336 1858 570 1921 tollens
611 1880 881 1924 vacuum
968 1860 1069 1924 lus
1110 1861 1311 1924 nimio
1355 1862 1564 1957 gloria
1603 1862 1932 1947 verticem,
2063 1875 2126 1924 15

204 1939 567 2025 Arcam'que
609 1942 765 2007 fides
807 1883 1082 2029 profiiga
1091 1994 1110 2028 ‚
1153 1944 1538 2028 perlucidior
1579 1944 1764 2011 vitro·

1013 2282 1310 2358 XVHII.

199 2407 411 2476 Mater
458 2433 647 2477 saeva
690 2411 1077 2511 Cupidinum

289 2493 757 2580 Thebanaeque
798 2497 977 2561 lubet
1016 2517 1120 2560 me
1166 2497 1447 2563 Semeles
1489 2521 1647 2584 puer

199 2577 295 2643 Et
336 2579 576 2643 lasciva
615 2579 905 2644 Licentia

286 2660 519 2725 Finitis
564 2664 849 2727 animum
890 2664 1149 2729 reddere
1194 2667 1535 2731 amoribus.

195 2794 351 2860 Vrit
391 2817 493 2860 me
540 2796 846 2880 Glycerae
887 2799 1088 2882 nitor,
2091 2816 2125 2866 5

288 2877 695 2963 Splendentis
738 2881 927 2946 Pario
971 2904 1289 2948 marmore
1331 2884 1579 2968 purius3

194 2962 349 3028 Vrit
390 2967 576 3049 grata
616 2967 997 3049 protervitas

285 3046 376 3110 Et
415 3049 628 3112 voltus
670 3049 939 3113 nimium
989 3050 1271 3115 lubricus
1316 3050 1577 3135 adspici.

195 3179 283 3243 In
326 3202 428 3245 me
468 3184 610 3246 tota
650 3204 841 3249 ruens
882 3181 1103 3248 Venus
1846 3251 1851 3256 .

290 3261 572 3347 Cyprum
615 3266 920 3350 deseruit,
964 3288 1085 3333 nec
1127 3270 1369 3353 patitur
1412 3269 1681 3354 Scythas
2059 3284 2124 3333 ιο

197 3346 291 3412 Et
331 3349 529 3412 versis
573 3351 930 3416 animosum
974 3352 1149 3437 equis

283 3430 593 3496 Parthum
637 3434 871 3521 dicere,
914 3458 1036 3502 nec
1079 3458 1239 3521 quae
1282 3437 1446 3502 nihil
1490 3439 1782 3504 attinent.

304 3533 562 3576 Heium.
1786 3544 1820 3593 2
