2514 3950
180 216 279 290 vi]
942 212 1159 269 mma
1196 213 1241 272 1.
1945 210 2068 278 193

1035 411 1159 488 VI.

174 546 274 613 Nil
311 544 599 610 admirari
638 564 838 628 prope
881 565 984 609 res
1028 547 1127 608 est
1167 566 1326 629 una,
1371 544 1660 628 Numici,

173 631 442 714 Solaque,
487 650 646 713 quae
687 629 896 711 possit
936 630 1144 694 facere
1187 634 1252 695 et
1296 651 1547 695 servare
1589 630 1867 694 beatum.

170 712 337 781 Hunc
376 714 573 779 solem
615 715 681 778 et
723 713 937 778 stellas
982 717 1048 779 et
1092 713 1463 779 decedentia
1505 713 1695 779 certis

170 799 455 882 Tempora
495 797 837 863 momentis
881 800 1033 862 sunt
1075 799 1185 882 qui
1226 798 1569 864 formidine
1609 799 1793 863 nulla

165 883 379 948 Imbuti
421 884 738 966 spectent:
783 882 936 964 quid
980 903 1201 947 censes
1244 905 1509 947 munera
1551 882 1804 948 terrae?
2033 893 2069 945 5

166 967 315 1043 Quid
351 967 543 1030 maris
586 968 904 1029 extremos
942 966 1195 1030 Arabas
1239 967 1505 1031 ditantis
1550 970 1616 1031 et
1656 966 1852 1031 Indos

161 1049 448 1115 Ludicra‘?
495 1051 648 1132 quid
679 1049 940 1132 plausus
985 1052 1050 1114 et
1093 1050 1284 1115 amici
1326 1049 1497 1114 dona
1539 1049 1848 1125 Quiritis?

164 1134 293 1209 Quo
334 1132 676 1216 spectanda
717 1132 941 1215 modo,
986 1153 1112 1217 quo
1156 1155 1349 1199 sensu
1394 1133 1595 1198 credis
1640 1136 1706 1197 et
1746 1135 1899 1198 ore?

163 1217 278 1293 Qui
315 1217 494 1280 timet
532 1215 635 1280 his
679 1215 970 1300 adversa,
1013 1218 1147 1282 fere
1188 1218 1459 1282 miratur
1501 1217 1722 1282 eodem
1734 1267 1754 1300 ,

158 1302 291 1378 Quo
321 1301 604 1384 cupiens,
634 1303 852 1386 pact03
893 1323 1093 1398 pavor
1121 1304 1220 1366 est
1244 1303 1583 1386 utrobique
1609 1302 1938 1387 molestuS,
2007 1315 2072 1366 10

156 1385 479 1470 Inprovisa
522 1385 712 1450 simul
755 1406 997 1469 spec1es
1039 1389 1331 1451 externat
1369 1390 1724 1473 utrumque.

157 1470 437 1536 Gaudeat
466 1491 551 1533 an
579 1469 821 1553 doleat,
866 1490 944 1534 cu
989 1473 1083 1535 iat
1110 1473 1463 1555 metuatne,
1497 1471 1650 1554 quid
1680 1470 1760 1535 ad
1788 1492 1943 1554 rem,

154 1553 250 1637 Si,
294 1553 593 1638 quidquid
635 1553 796 1619 vidit
838 1576 940 1619 me
973 1555 1065 1620 ‘us
1107 1557 1365 1640 peiusve
1410 1577 1526 1620 sua
1570 1576 1712 1640 spe,

149 1638 385 1703 Defixis
429 1639 630 1703 oculis
675 1639 1013 1723 animoque
1059 1643 1124 1705 et
1167 1661 1431 1725 corpore
1473 1639 1732 1724 torpet?

148 1722 364 1787 Insani
407 1723 658 1807 sapiens
699 1745 939 1788 nomen
979 1725 1171 1808 ferat,
1220 1746 1458 1808 aequus
1500 1724 1736 1808 iniqui,
2008 1737 2073 1786 15

145 1807 331 1873 Vltra
371 1827 563 1890 quam
607 1807 762 1870 satis
808 1810 907 1871 est
947 1808 1249 1872 virtutem
1294 1810 1351 1871 si
1391 1811 1572 1891 petat
1613 1809 1837 1891 ipsam.

142 1892 177 1956 I
198 1912 389 1973 nunc,
422 1893 758 1974 argentum
787 1891 853 1952 et
871 1910 1151 1954 marmor
1181 1893 1365 1954 vetus
1388 1912 1658 1974 aeraque
1682 1894 1747 1955 et
1778 1894 1945 1956 artes

142 1974 438 2058 Suspice,
484 1994 628 2036 cum
670 1972 943 2057 gemmis
987 1972 1213 2056 Tyrios
1255 1974 1487 2039 mirare
1532 1975 1805 2061 colores3

142 2058 370 2124 Gaude
413 2055 585 2140 quod
629 2059 924 2139 spectant
966 2058 1136 2122 oculi
1175 2060 1241 2122 te
1286 2058 1463 2122 mille
1505 2059 1903 2145 loquentem3

137 2145 206 2209 N
208 2165 365 2208 avus
419 2163 607 2206 mane
659 2142 874 2205 forum
931 2145 998 2205 et
1041 2143 1440 2227 vespertinus
1481 2146 1628 2226 pete
1670 2146 1940 2227 tectum,
2006 2156 2078 2206 20

134 2227 207 2294 N
208 2249 243 2291 e
286 2227 435 2311 plus
477 2226 783 2291 frumenti
825 2225 1142 2292 dotalibus
1187 2230 1425 2291 emetat
1466 2228 1638 2313 agris

133 2312 363 2377 Mutus
409 2314 472 2376 et
517 2311 910 2397 (indignum,
956 2312 1127 2395 quod
1169 2312 1255 2377 sit
1295 2313 1619 2395 peioribus
1663 2314 1867 2398 ortus)

130 2396 266 2461 Hic
310 2396 434 2460 tibi
478 2396 564 2460 sit
604 2396 818 2479 potius
863 2416 1056 2479 quam
1097 2398 1171 2460 tu
1211 2396 1523 2460 mirabilis
1568 2396 1682 2460 illi.

130 2479 307 2556 Quid
355 2479 467 2543 uid
511 2479 629 2543 sub
670 2482 932 2563 terrast,
976 2480 1048 2543 in
1091 2480 1378 2563 apricum
1418 2479 1701 2563 proferet
1740 2482 1943 2567 aetas3

124 2501 451 2628 Defodiet
493 2561 848 2645 condetque
888 2563 1177 2628 nitentia.
1242 2562 1407 2630 Cum
1448 2564 1611 2629 bene
1652 2567 1880 2630 notum
2006 2577 2075 2626 25

122 2647 441 2713 Porticus
483 2646 812 2731 Agrippae
855 2650 920 2712 et
961 2647 1068 2711 via
1107 2650 1173 2712 te
1217 2648 1620 2734 conspexerit
1660 2649 1868 2732 Appi,

118 2731 235 2798 Ire
281 2734 508 2795 tamen
551 2733 776 2815 restat,
819 2730 1036 2798 Numa
1078 2754 1202 2816 quo
1248 2732 1506 2798 devenit
1546 2736 1612 2797 et
1651 2733 1891 2796 Ancus.

118 2816 198 2883 Si
246 2816 430 2881 latus
475 2818 588 2879 aut
627 2836 813 2881 renes
856 2817 1081 2881 morbo
1124 2818 1525 2901 temptantur
1568 2815 1775 2897 acute,

115 2902 393 2978 Quaere
422 2900 494 2964 fu
542 2922 647 2964 am
674 2902 901 2965 morbi.
969 2900 1087 2965 Vis
1109 2904 1283 2965 recte
1310 2901 1553 2965 vivere:
1599 2898 1741 2982 quis
1769 2898 1948 2964 non?

113 2986 194 3051 Si
241 2986 462 3050 virtus
553 3005 629 3049 00
670 3007 800 3049 una
888 2987 1057 3048 otest
1098 2984 1279 3068 dare,
1322 2983 1509 3047 fortis
1552 2983 1805 3048 omissis
2011 2997 2083 3047 30

109 3069 277 3133 Hoc
327 3090 457 3154 age
500 3068 764 3134 deliciis.
841 3008 1175 3134 1isirtutem
1216 3068 1413 3133 verba
1452 3070 1641 3151 putas
1685 3070 1751 3132 et

105 3152 393 3217 Lucum
433 3153 646 3237 ligna:
692 3173 844 3217 cave
886 3174 969 3216 ne
1009 3154 1234 3236 portus
1278 3155 1547 3236 occupet
1589 3153 1780 3236 alter,

103 3236 185 3301 N
188 3258 228 3301 e
281 3235 690 3320 Cibyratica,
732 3258 816 3300 ne
857 3235 1140 3319 Bithyna
1180 3237 1446 3322 negotia
1486 3237 1743 3322 perdas;

101 3320 322 3384 Mille
356 3319 605 3384 talenta
625 3320 1049 3385 rotundentur
1060 3369 1080 3403 ,
1109 3320 1378 3386 totidem
1409 3322 1636 3404 altera,
1666 3342 1857 3404 porro
1890 3324 1956 3385 et

100 3403 368 3468 Tertia
414 3403 783 3488 succedant,
830 3407 894 3469 et
979 3425 1100 3469 uae
1190 3427 1292 3470 ars
1337 3405 1606 3489 quadret
1649 3426 1961 3470 acervum.
2014 3418 2082 3468 35

96 3488 410 3556 Scilicet
452 3507 717 3552 uxorem
761 3510 903 3553 011111
992 3492 1096 3554 ote
1138 3428 1452 3575 {demque
1497 3492 1562 3555 et
1604 3490 1843 3587 amicos

216 3590 511 3632 nomme.
1712 3596 1771 3645 13
