2514 3950
224 204 293 278 L]
1030 202 1244 258 LIBER
1286 203 1331 260 1.
1939 140 1948 153 ⁶
2030 194 2146 263 127
2195 178 2200 183 ’

229 366 384 433 Cum
426 370 573 431 veto
614 368 681 431 te
723 366 860 430 fieri
870 415 889 450 ‚
934 387 1015 430 va
1105 386 1208 429 am
1249 365 1439 430 iubeo
1484 385 1560 430 ac
1601 366 2004 431 nebulonem.

227 451 343 516 Est
384 451 552 516 inter
594 449 843 514 Tanain
888 471 930 534 q
980 388 1187 515 ‹lffam
1231 470 1645 547 socerumque
1686 449 1934 516 Viselli.
2053 461 2150 511 105

225 535 342 600 Est
382 535 609 599 modus
651 536 722 599 in
762 535 952 599 rebus
962 583 981 617 ,
1028 536 1180 599 sunt
1221 534 1379 598 certi
1423 534 1695 617 demque
1735 534 1926 617 fines,

228 618 395 694 Quos
438 620 609 684 ultra
652 619 934 702 citraque
975 619 1199 703 nequit
1242 619 1590 683 consistere
1632 620 1896 682 rectum.

225 702 411 787 Illuc,
455 703 624 768 unde
667 704 824 786 abii,
867 702 1091 785 redeo,
1135 702 1245 787 qui
1287 722 1510 786 nemo,
1553 704 1628 767 ut
1669 722 1895 766 avarus
1905 750 1926 786 ‚

227 786 304 852 Se
344 788 574 871 probet
615 808 691 852 ac
732 788 946 870 potius
990 786 1208 851 laudet
1250 786 1499 852 diversa
1541 789 1877 870 sequentes
1891 833 1911 868 ‚

226 871 529 955 Quodque
573 872 781 936 aliena
824 872 1069 954 capella
1110 873 1295 955 gerat
1340 871 1677 935 distentius
1719 870 1877 936 uber
1891 918 1912 954 ,
2054 882 2151 933 110

224 955 536 1020 Tabescat
545 1003 564 1038 ‚
607 975 814 1037 neque
858 976 926 1018 se
968 955 1194 1018 maiori
1283 955 1684 1038 auperiorum

227 1038 472 1102 Turbae
496 1038 816 1120 conparet,
846 1036 1018 1101 hunc
1041 1040 1228 1120 atque
1296 1059 1421 1102 unc
1444 1059 1739 1122 superare
1760 1038 2036 1122 laboret,

228 1120 331 1186 Sic
371 1120 708 1184 festinanti
753 1140 1000 1204 semper
1043 1120 1422 1202 locupletior
1464 1122 1703 1204 obstet,

223 1204 343 1288 Vt,
388 1225 535 1269 cum
578 1203 934 1268 carceribus
977 1204 1207 1268 missos
1249 1204 1421 1289 rapit
1456 1205 1705 1291 ung-ula
1747 1226 1996 1289 01111118,

224 1289 435 1354 Instat
477 1288 653 1372 equis
697 1288 920 1373 auriga
962 1308 1110 1353 81108
1152 1288 1587 1372 vincentibus,
1631 1289 1813 1353 illum
2054 1303 2150 1354 115

224 1372 647 1438 Praeteritum
687 1375 982 1436 temnens
1026 1375 1343 1437 extremos
1386 1373 1555 1437 inter
1595 1376 1870 1438 euntem.

224 1457 382 1523 Inde
423 1457 528 1541 fit,
571 1460 646 1521 ut
685 1477 862 1540 raro,
908 1457 1017 1540 qui
1061 1478 1129 1521 se
1172 1457 1407 1522 vixisse
1450 1458 1706 1522 beatum

224 1541 416 1607 Dicat
458 1545 523 1606 et
565 1544 785 1606 exacto
832 1544 1171 1606 contentus
1213 1545 1503 1626 tempore
1543 1542 1677 1606 vita

229 1625 431 1692 Cedat
471 1626 571 1690 uti
613 1626 883 1691 conviva
926 1628 1132 1709 satur,
1176 1626 1454 1710 reperire
1499 1648 1819 1725 queamus.

224 1709 362 1775 Iam
407 1710 562 1774 satis
607 1713 723 1775 est.
789 1709 893 1776 Ne
934 1732 1038 1775 me
1082 1710 1367 1795 Crispini
1410 1711 1644 1776 scrmia
1685 1711 1847 1795 lippi
2055 1723 2154 1775 120

226 1793 598 1879 conpilasse
639 1796 856 1878 putes,
900 1795 1162 1859 verbum
1202 1816 1340 1858 non
1382 1796 1655 1880 amplius
1699 1796 1944 1860 addam.

1137 2082 1231 2160 H.

225 2214 734 2285 Ambubaiarum
777 2214 1077 2301 collegia,
1121 2216 1680 2303 pharmacopolae,

224 2299 540 2384 Mendici,
584 2300 846 2383 mimae,
889 2300 1286 2386 balatrones,
1331 2302 1455 2367 hoc
1496 2323 1701 2387 genus
1746 2322 1936 2366 omne

223 2383 543 2449 Maestum
585 2405 659 2449 ac
701 2384 1111 2450 sollicitumst
1152 2387 1432 2450 cantoris
1476 2389 1683 2450 morte
1725 2385 1986 2471 Tigelli:

225 2468 477 2552 Quippe
498 2469 817 2552 benignus
841 2472 994 2533 erat.
1047 2468 1293 2534 Contra
1311 2469 1435 2552 hic,
1459 2492 1541 2534 ne
1563 2470 1869 2556 prodigus
1891 2492 2028 2536 esse

221 2551 496 2616 Dicatur
537 2555 858 2635 metuens,
901 2553 1083 2636 inopi
1126 2553 1275 2618 dare
1317 2555 1485 2618 nolit
1526 2555 1764 2639 amico,
2119 2563 2155 2617 5

220 2634 457 2720 Frigus
501 2656 626 2718 quo
672 2635 1017 2720 duramque
1058 2637 1295 2703 famem
1336 2638 1691 2723 propellere
1732 2639 1957 2723 possit.

218 2719 417 2784 Hunc
460 2720 517 2785 si
559 2720 952 2804 perconteris
962 2769 982 2805 ‚
1026 2722 1128 2785 avi
1171 2744 1284 2787 cur
1325 2726 1516 2807 atque
1557 2723 1841 2806 parentis

218 2804 626 2870 Praeclaram
668 2804 922 2889 ingrata
965 2806 1243 2892 stringat
1285 2807 1491 2872 malus
1535 2806 1820 2890 ingluvie
1862 2826 2028 2890 rem,

220 2888 460 2954 Omnia
504 2888 836 2954 conductis
882 2909 1176 2955 coemens
1222 2891 1491 2955 obsonia
1531 2889 1838 2975 nummis3

220 2972 532 3039 Sordidus
576 2977 766 3058 atque
809 2974 1007 3038 animi
1050 2974 1222 3058 quod
1264 2974 1445 3059 parvi
1485 2974 1651 3038 nolit
1690 2973 1910 3039 haberi
1923 3023 1943 3058 ‚
2093 2986 2159 3038 10

217 3057 613 3143 Respondet.
702 3057 1025 3123 Laudatur
1067 3059 1146 3123 ab
1189 3057 1292 3122 his
1303 3108 1322 3142 ,
1368 3059 1660 3143 culpatur
1702 3059 1782 3122 ab
1826 3058 1974 3124 illis.

217 3141 509 3207 Fufidius
552 3164 796 3228 vappae
838 3142 1077 3207 famam
1117 3142 1305 3207 timet
1346 3164 1420 3208 ac
1461 3143 1831 3209 nebulonis:

250 3223 449 3290 Dives
494 3228 698 3312 agris,
746 3227 921 3293 dives
963 3227 1192 3312 positis
1235 3228 1307 3291 in
1349 3227 1569 3293 fenore
1611 3226 1933 3314 nummis]

283 3308 471 3372 uinas
512 3310 619 3375 hic
663 3313 855 3411 capiti
898 3311 1221 3378 mercedes
1268 3315 1543 3396 exsecat,
1591 3316 1780 3396 atque

220 3392 483 3469 Quanto
527 3395 834 3478 perditior
878 3398 1019 3482 quis
1062 3400 1236 3483 uest,
1293 3401 1475 3462 tanto
1520 3399 1726 3462 acrius
1769 3398 2027 3483 urguet3
2093 3407 2157 3457 15

216 3476 512 3545 Nomina
553 3482 858 3567 sectatur,
902 3419 1093 3548 111030
1138 3485 1394 3569 sumpta
1433 3485 1610 3548 veste
1652 3481 1851 3566 virili,
