2514 3950
348 166 467 232 188
1053 172 1568 229 cmsrvLARvn
2210 169 2279 242 [1.

476 337 766 402 Insanire
809 337 995 434 putas
1039 335 1375 400 sollemnia
1415 356 1517 399 me
1541 354 1766 426 ‘neque
1807 332 2009 417 rides,

475 420 614 487 Nec
656 420 888 485 medici
932 419 1135 485 credis
1177 440 1299 485 nec
1342 418 1652 485 curatoris
1696 438 1886 504 egere

475 506 539 569 A
580 507 871 590 praetore
914 504 1076 588 dati,
1120 524 1334 569 rerum
1373 503 1576 568 tutela
1617 522 1903 567 mearum

478 588 641 656 Cum
685 590 771 654 sis
815 591 880 653 et
920 609 1114 673 prave
1141 590 1387 652 sectum
1431 585 1843 652 stomacheris
1887 585 1969 651 ob
1996 605 2279 672 unguem

355 687 450 736 105
481 672 580 738 De
621 676 687 739 te
728 671 1095 758 pendentis,
1137 674 1204 736 te
1245 670 1649 756 respicientis
1691 669 1923 736 amici?

475 757 584 822 Ad
625 778 965 822 summam:
1009 755 1265 840 sapiens
1306 776 1436 820 uno
1478 755 1690 821 minor
1718 757 1817 820 est
1855 753 2038 837 Iove,
2081 753 2280 839 dives,

478 841 695 923 Liber,
738 840 1087 905 honoratus
1100 888 1119 924 ,
1161 839 1458 938 pulcher,
1501 861 1613 905 rex
1656 839 1927 923 denique
1968 858 2219 923 regum,

477 924 824 1009 Praecipue
867 945 1087 1008 sanus,
1129 924 1260 989 msi
1302 945 1446 988 cum
1490 923 1721 1008 pituita
1760 923 2109 989 molestast.

1263 1214 1358 1290 H.

478 1345 741 1411 'Ptoiani
782 1345 937 1411 belli
981 1345 1385 1430 scriptorem,
1430 1345 1704 1410 maxime
1746 1344 1943 1429 Lolli,

480 1429 650 1496 Dum
692 1432 764 1495 tu
807 1430 1123 1495 declamas
1166 1429 1440 1514 Romae,
1483 1429 1827 1494 Praeneste
1869 1429 1998 1495 rele
2049 1428 2099 1511 ',

479 1514 637 1598 Qui,
684 1514 836 1598 quid
879 1515 963 1579 sit
1002 1512 1373 1598 pulchrum,
1431 1513 1584 1597 quid
1623 1515 1842 1661 tud-pe,
1891 1513 2007 1597 qui
2091 1512 2287 1597 utile,

1570 1618 1679 1681 qu1
1762 1617 1897 1663 non

479 1681 740 1746 Planius
784 1701 858 1746 ac
899 1681 1127 1746 melius
1172 1681 1533 1766 Chrysippo
1579 1683 1643 1746 et
1685 1646 1993 1748 Crantdre
2038 1680 2213 1746 dicit.

410 1779 443 1828 5
488 1765 619 1832 Cur
662 1765 753 1831 ita
794 1765 1201 1849 crediderim,
1243 1766 1374 1831 nisi
1417 1766 1571 1850 quid
1611 1769 1678 1831 te
1722 1766 1995 1848 detinet,
2040 1764 2213 1830 audi.

479 1848 752 1934 Fabula,
795 1871 921 1935 qua
959 1849 1208 1915 Paridis
1251 1853 1515 1936 propter
1554 1853 1850 1916 narratur
1891 1870 2171 1915 amorem

481 1933 752 2001 Graecia
792 1934 1125 2001 barbariae
1167 1934 1345 2001 lento
1390 1935 1612 2002 collisa
1654 1935 1865 2001 duello
1877 1985 1895 2019 ‚

481 2019 835 2085 Stultorum
876 2041 1103 2106 regum
1146 2023 1212 2085 et
1250 2020 1637 2105 populorum
1680 2021 1969 2086 continet
2009 2022 2253 2088 aestus.

481 2105 775 2169 Antenor
818 2107 1035 2169 censet
1074 2104 1232 2168 belli
1274 2104 1637 2188 praecidere
1682 2125 1965 2169 causam:

385 2200 449 2249 ιο
490 2185 674 2262 Quod
714 2187 925 2271 Paris,
967 2190 1041 2252 ut
1083 2187 1296 2252 salvus
1338 2191 1567 2273 regnet
1607 2188 1902 2273 vivatque
1943 2189 2202 2272 beatuS,

482 2269 648 2355 Cogi
736 2291 879 2335 osse
921 2291 1004 2335 ne
1090 2273 1135 2335 t.
1223 2270 1464 2337 Nestor
1507 2292 1867 2356 conponere
1911 2273 2056 2337 lites

480 2354 659 2419 Inter
691 2292 967 2420 Peliden
1037 2355 1274 2420 estinat
1316 2356 1381 2420 et
1421 2355 1591 2420 inter
1631 2357 1923 2422 Atriden.

481 2437 672 2503 Hunc
694 2460 875 2503 amor
923 2439 1018 2504 ira
1047 2439 1302 2524 quidem
1325 2441 1747 2505 communiter
1767 2441 1899 2506 urit
1924 2444 2292 2525 utrumque.

482 2521 802 2619 Quidquid
844 2489 1119 2620 delirant
1159 2545 1343 2671 repes
1353 2572 1373 2608 ,
1416 2524 1783 2609 plectuntur
1822 2524 2072 2590 Achivi.

385 2618 447 2669 15
479 2605 834 2689 Seditlone,
881 2606 1074 2690 dohs,
1119 2628 1222 2673 sce
1251 2629 1356 2672 ere
1400 2612 1590 2691 atque
1634 2608 1898 2675 libidine
1943 2611 2007 2673 et
2047 2610 2146 2674 ira

480 2689 711 2755 Iliacos
755 2690 925 2755 intra
966 2712 1183 2755 muros
1227 2694 1527 2775 peccatur
1570 2694 1637 2757 et
1678 2696 1875 2758 extra.

477 2772 752 2859 Rursus,
798 2774 951 2860 quid
993 2775 1192 2841 virtus
1235 2777 1302 2840 et
1341 2775 1494 2859 quid
1538 2777 1853 2860 sapientia
1893 2777 2130 2862 possit,

484 2857 655 2924 Vtile
695 2880 814 2943 pro
861 2860 1033 2925 osuit
1072 2859 1262 2924 nobis
1307 2860 1630 2944 exemplar
1670 2860 1960 2947 Vlixem,

479 2941 603 3017 Qui
647 2943 820 3007 domi
890 2966 924 3008 r
966 2943 1194 3009 Troiae
1236 2944 1583 3009 multorum
1626 2942 1925 3029 providus
1968 2945 2158 3010 urbes

379 3039 445 3088 20
473 3025 563 3089 Et
589 3046 800 3091 mores
827 3026 1161 3093 hominum
1189 3029 1500 3113 inspexit,
1532 3029 1855 3114 latumque
1884 3050 1999 3114 per
2027 3050 2300 3114 aequor,

478 3108 649 3173 Dum
678 3109 831 3194 sibi,
876 3111 1028 3176 dum
1057 3113 1249 3178 sociis
1278 3113 1552 3178 reditum
1579 3118 1793 3197 parat,
1826 3135 2053 3198 aspera
2079 3114 2304 3179 multa

476 3193 779 3278 Pertulit,
825 3196 1104 3261 adversis
1147 3218 1360 3261 rerum
1402 3197 1829 3263 inmersabilis
1872 3197 2081 3263 undis.

478 3276 772 3344 Sirenum
813 3300 1005 3345 voces
1043 3281 1109 3345 et
1151 3279 1374 3346 Circae
1417 3281 1650 3365 pocula
1689 3282 1895 3367 nosti3
2115 3276 2130 3292 ’

477 3360 654 3437 Quae
698 3364 755 3428 si
796 3384 941 3429 cum
984 3364 1174 3428 sociis
1218 3365 1453 3429 stultus
1497 3365 1886 3451 cupidusque
1927 3365 2241 3452 bibisset,
2355 3443 2358 3446 ¹

376 3458 442 3507 25
473 3446 606 3511 Sub
649 3446 909 3513 domina
948 3448 1279 3513 meretrice
1322 3448 1551 3514 fuisset
1589 3450 1795 3534 turpis
1841 3452 1906 3515 et
1948 3470 2210 3536 excors,
