2514 3950
360 567 427 616 20

354 1645 422 1695 30

1126 140 1522 197 GARmVM

664 302 735 367 Si
775 324 910 367 non
949 303 1234 387 perirent
1275 272 1739 368 inmiserabiies

665 385 938 472 Captiva
977 388 1198 472 pubes.
1289 387 1515 473 ‘Signa
1555 409 1677 472 ego
1720 387 1982 454 Punicis

762 471 994 536 Adfixa
1037 472 1317 536 delubris
1362 475 1428 537 et
1467 493 1645 536 arma

876 555 1189 621 Militibus
1233 557 1372 621 sine
1416 556 1629 621 eaede'
1676 555 1837 620 dixit

662 723 966 807 ‘Derepta
1007 724 1166 810 vidi3
1211 720 1345 789 vidi
1388 746 1508 821 ego
1554 724 1786 789 civium

661 807 928 872 Retorta
969 810 1151 893 tergo
1181 808 1477 873 bracchia
1499 808 1699 872 libero

759 891 1109 975 Portasque
1150 914 1285 956 non
1327 894 1575 957 clausas
1629 894 1694 956 et
1736 913 1886 956 arva

846 975 1052 1040 Marte
1096 977 1221 1041 ooli
1264 976 1571 1060 populata
1610 979 1851 1041 nostro.

659 1145 836 1209 Auro
879 1166 1184 1229 repensus
1229 1144 1473 1209 seilicet
1516 1145 1723 1210 aerior

659 1228 847 1293 Miles
890 1228 1141 1293 redibit.
1231 1228 1511 1314 Flagitio
1558 1228 1790 1293 additis

759 1312 1113 1377 Damnum:
1156 1333 1365 1396 neque
1409 1313 1678 1377 amissos
1722 1313 1969 1379 colores

844 1396 1024 1460 Lana
1065 1397 1264 1462 refert
1305 1397 1622 1462 medioata
1662 1396 1843 1481 fuco,

657 1549 722 1614 N
725 1570 796 1613 eo
837 1569 989 1613 vera
1030 1549 1260 1633 virtus,
1307 1571 1453 1615 eum
1489 1549 1687 1614 semel
1716 1548 1979 1633 excidit,

661 1631 860 1698 Curat
899 1635 1123 1718 reponi
1165 1634 1602 1698 deterioribus.

759 1716 830 1782 Si
914 1721 1120 1803 ugnat
1162 1718 1468 1783 extricata
1512 1718 1725 1782 densis

898 1823 1048 1866 erva
1088 1802 1300 1888 plagis
1309 1850 1330 1886 ‚
1376 1802 1497 1866 erit
1535 1802 1645 1866 ille
1688 1801 1906 1885 fortis,

660 1953 785 2031 Qui
827 1954 1085 2040 perfidis
1129 1977 1198 2020 se
1242 1953 1512 2020 eredidit
1551 1952 1874 2037 hostibus,

657 2039 748 2105 Et
786 2043 991 2104 marte
1033 2038 1288 2104 Poenos
1330 2041 1616 2124 proteret
1658 2038 1892 2121 altero,

757 2123 880 2199 Qui
922 2124 1062 2186 lora
1101 2122 1410 2187 restrictis
1453 2122 1708 2187 lacertis

843 2206 1058 2270 Sensit
1098 2206 1270 2269 iners
1315 2206 1650 2291 timuitque
1684 2208 1975 2271 mortem.

655 2357 781 2421 Hie
793 2406 812 2440 ‚
857 2356 1026 2420 unde
1065 2356 1266 2420 vitam
1308 2361 1584 2422 sumeret
1627 2357 1872 2439 anxius,

656 2440 889 2505 Pacem
931 2440 1142 2504 duello
1184 2442 1459 2506 miscuit.
1541 2442 1595 2506 Ο
1638 2440 1871 2525 pudori

760 2524 814 2589 Ο
859 2545 1096 2609 magna
1139 2524 1495 2612 Carthago,
1545 2524 1873 2610 probrosis

840 2609 1054 2672 Altior
1094 2609 1322 2675 Italiae
1364 2609 1621 2674 ruinisl'

654 2760 882 2825 Fertur
922 2761 1190 2846 pudicae
1236 2761 1529 2846 coniugis
1573 2761 1862 2826 osculum

653 2844 1017 2929 Parvosque
1059 2849 1248 2910 natos
1292 2849 1367 2910 ut
1409 2845 1637 2930 capitis
1679 2847 1892 2911 minor

753 2929 858 2993 Ab
903 2951 972 2994 se
1012 2932 1360 2995 removisse
1404 2933 1471 2995 et
1510 2930 1758 2995 virilem

838 3013 1084 3078 Torvus
1126 3015 1309 3079 humi
1349 3014 1639 3098 posuisse
1681 3013 1955 3095 voltum,

657 3163 882 3229 Donec
922 3165 1215 3230 labantes
1262 3165 1530 3230 oonsilio
1573 3167 1789 3247 patres

654 3247 967 3313 Firmaret
1008 3252 1232 3313 auctor
1272 3269 1624 3332 numquam
1666 3245 1825 3309 alias
1871 3244 2021 3313 dato
2034 3298 2061 3335 ,

754 3331 1054 3415 Interque
1095 3335 1454 3396 maerentes
1497 3331 1739 3395 amieos

836 3416 1157 3499 Egregius
1198 3417 1570 3499 properaret
1611 3414 1834 3480 exsul.⁸
