2514 3950
594 983 722 1057 DE
777 985 1132 1057 METRIS
1185 983 1792 1058 HORATIANIS.

1170 1275 1221 1340 Ι.

367 1422 748 1498 Hexametro,
793 1422 1088 1481 Lucilium
1134 1423 1391 1496 secutus,
1438 1423 1541 1499 qui
1586 1440 1723 1482 eum
1766 1421 2147 1499 potissimum

236 1512 535 1589 adhibuit,
589 1510 735 1570 Hor.
787 1510 981 1570 utitur
1033 1510 1099 1569 in
1152 1510 1376 1570 saturis
1430 1514 1493 1570 et
1547 1510 1847 1589 epistuli8‚
1902 1512 2147 1587 eiusque

239 1601 573 1676 exemplum
610 1604 751 1658 sunt
782 1597 1003 1658 imitati
1038 1598 1387 1674 posterioris
1422 1599 1710 1677 temporis
1748 1599 1973 1659 satirici
2008 1599 2150 1658 Per-

238 1689 387 1762 siuS,
433 1688 696 1760 Turnus,
740 1687 1058 1748 Iuvenalis.
1148 1687 1319 1745 Idem
1373 1686 1691 1762 aliquoties
1736 1686 2044 1748 invenitur
2085 1687 2151 1746 in

239 1777 585 1854 systematis
628 1775 896 1835 iambicis
945 1778 1007 1834 et
1050 1775 1273 1850 lyricis.

370 1863 669 1922 Differunt
722 1864 927 1922 autem
979 1863 1301 1921 admodum
1346 1866 1688 1922 saturarum
1733 1863 2148 1939 epistularum-

239 1971 354 2029 que
398 1949 731 2012 hexametri
774 1969 812 2009 a
846 1948 1100 2028 Vergilii
1146 1953 1207 2008 et
1244 1947 1461 2023 Ovidii,
1504 1952 1576 2008 ut
1617 1953 1822 2011 tamen
1867 1951 2149 2027 epistula-

238 2059 374 2099 rum
421 2040 727 2114 aliquanto
773 2037 966 2113 magis
1009 2037 1273 2097 accurati
1310 2037 1705 2113 castigatique
1743 2037 1863 2098 sint
1898 2041 2153 2101 numeri.

241 2127 465 2188 Contra
517 2126 581 2184 in
632 2125 901 2185 iambicis
948 2142 1017 2186 ac
1060 2125 1266 2201 lyricis
1312 2123 1520 2185 eadem
1563 2126 1691 2186 fere
1736 2143 1835 2185 ars
1883 2127 2151 2186 eaedem-

240 2234 357 2292 que
406 2214 667 2274 rationes
721 2213 899 2272 huius
955 2214 1098 2274 sunt
1148 2213 1356 2288 metri,
1425 2216 1604 2290 atque
1666 2213 1827 2290 apud
1886 2214 2154 2291 reliquos

238 2303 506 2381 Augusti
549 2302 844 2378 aequales.

1158 2452 1242 2517 H.

373 2602 465 2661 De
501 2600 765 2660 metricis
800 2599 1134 2659 rationibus
1170 2599 1500 2675 lyricorum
1535 2598 1776 2661 Horatii
1822 2600 2149 2662 carminum

241 2691 363 2748 iam
397 2708 435 2748 a
468 2688 679 2765 primis
715 2687 853 2747 inde
886 2687 1256 2764 temporibus
1294 2688 1552 2748 mul-tum
1578 2689 1927 2763 quaesivere
1954 2707 2152 2765 gram-

240 2777 446 2837 matici
488 2778 741 2849 veteres,
789 2775 893 2835 sed
938 2776 1153 2852 exiguo
1199 2793 1337 2835 cum
1379 2776 1598 2834 fructu.
1670 2776 1829 2835 Nam
1873 2778 1945 2835 ut
1979 2776 2151 2837 omit·

241 2868 369 2925 tam
423 2863 739 2939 suptiliora
790 2865 1074 2939 pleraque
1131 2864 1282 2923 artis
1337 2864 1422 2923 eis
1476 2862 1716 2922 minime
1778 2864 1963 2924 fuisse
2017 2883 2150 2941 per-

179 2990 187 2997 ·
241 2955 464 3029 specta,
499 2951 732 3011 duobus
768 2951 1024 3011 maxime
1060 2952 1361 3011 erroribus
1398 2951 1616 3011 mirum
1648 2951 1712 3010 in
1738 2952 1979 3012 modum
2008 2955 2151 3012 sunt

242 3039 581 3113 conflictati,
625 3039 817 3099 altero
861 3037 1020 3115 quod
1062 3039 1376 3099 immodice
1420 3039 1516 3099 usi
1555 3040 1858 3115 epiplocae
1895 3039 2148 3101 artificio

241 3129 318 3187 ab
372 3128 721 3188 hexametro
774 3126 1068 3203 dactylico
1125 3126 1252 3186 sive
1303 3127 1578 3187 trimetro
1630 3127 1883 3188 iambico
1935 3146 2150 3189 versus

242 3215 480 3274 Horatii
521 3215 836 3291 plerosque
882 3232 1086 3274 omnes
1130 3214 1491 3290 repetendos
1536 3233 1668 3274 esse
1713 3216 2148 3293 existimarunt,

241 3303 434 3362 altero
470 3302 631 3379 quod
664 3306 1034 3376 systematum
1068 3294 1283 3383 (vulgo
1310 3303 1575 3377 strophas
1600 3297 1971 3384 nuncupant)
2004 3321 2148 3379 qua-

237 3390 427 3449 ternis
481 3389 755 3450 versibus
810 3390 1210 3450 constantium
1263 3392 1506 3465 praeter
1558 3392 1905 3466 sapphicum
1958 3393 2021 3451 et
2063 3393 2148 3450 ala
