<?xml version="1.0" encoding="UTF-8"?>
<!DOCTYPE html PUBLIC "-//W3C//DTD XHTML 1.0 Transitional//EN"
    "http://www.w3.org/TR/xhtml1/DTD/xhtml1-transitional.dtd">
<html xmlns="http://www.w3.org/1999/xhtml" xml:lang="en" lang="en">
 <head>
  <title>
</title>
<meta http-equiv="Content-Type" content="text/html;charset=utf-8" />
  <meta name='ocr-system' content='tesseract 3.04.00' />
  <meta name='ocr-capabilities' content='ocr_page ocr_carea ocr_par ocr_line ocrx_word'/>
</head>
<body>
  <div class='ocr_page' id='page_1' title='image "./carmina00horagoog_0155.png"; bbox 0 0 2514 3950; ppageno 0'>
   <div class='ocr_carea' id='block_1_1' title="bbox 241 151 2154 224">
    <p class='ocr_par' dir='ltr' id='par_1_1' title="bbox 241 151 2154 224">
     <span class='ocr_line' id='line_1_1' title="bbox 241 151 2154 224; baseline 0.006 -18"><span class='ocrx_word' id='word_1_1' title='bbox 241 151 338 224; x_wconf 73' lang='lat' dir='ltr'>n]</span> <span class='ocrx_word' id='word_1_2' title='bbox 997 151 1212 207; x_wconf 68' lang='lat' dir='ltr'>mmm</span> <span class='ocrx_word' id='word_1_3' title='bbox 1252 153 1352 211; x_wconf 91' lang='lat'>111.</span> <span class='ocrx_word' id='word_1_4' title='bbox 2064 152 2154 218; x_wconf 85' lang='lat'>65</span> 
     </span>
    </p>
   </div>
   <div class='ocr_carea' id='block_1_2' title="bbox 236 311 2152 647">
    <p class='ocr_par' dir='ltr' id='par_1_2' title="bbox 239 311 1251 396">
     <span class='ocr_line' id='line_1_2' title="bbox 239 311 1251 396; baseline 0.002 -21"><span class='ocrx_word' id='word_1_5' title='bbox 239 311 368 376; x_wconf 84' lang='lat' dir='ltr'>V11&#39;a</span> <span class='ocrx_word' id='word_1_6' title='bbox 410 311 488 377; x_wconf 88' lang='lat' dir='ltr'>de</span> <span class='ocrx_word' id='word_1_7' title='bbox 531 312 750 376; x_wconf 79' lang='lat' dir='ltr'>multis</span> <span class='ocrx_word' id='word_1_8' title='bbox 793 312 934 376; x_wconf 84' lang='lat' dir='ltr'>face</span> <span class='ocrx_word' id='word_1_9' title='bbox 976 314 1251 396; x_wconf 85' lang='lat' dir='ltr'>nuptiali</span> 
     </span>
    </p>

    <p class='ocr_par' dir='ltr' id='par_1_3' title="bbox 236 395 1447 481">
     <span class='ocr_line' id='line_1_3' title="bbox 236 395 1447 481; baseline 0.002 -22"><span class='ocrx_word' id='word_1_10' title='bbox 236 395 306 459; x_wconf 89' lang='lat' dir='ltr'>D·</span> <span class='ocrx_word' id='word_1_11' title='bbox 474 397 797 480; x_wconf 88' lang='lat' dir='ltr'>periurum</span> <span class='ocrx_word' id='word_1_12' title='bbox 838 395 965 459; x_wconf 79' lang='lat' dir='ltr'>fuit</span> <span class='ocrx_word' id='word_1_13' title='bbox 1004 396 1077 461; x_wconf 90' lang='lat' dir='ltr'>in</span> <span class='ocrx_word' id='word_1_14' title='bbox 1116 401 1447 481; x_wconf 88' lang='lat' dir='ltr'>parentem</span> 
     </span>
    </p>

    <p class='ocr_par' dir='ltr' id='par_1_4' title="bbox 236 479 2152 647">
     <span class='ocr_line' id='line_1_4' title="bbox 236 479 2152 568; baseline 0.003 -23"><span class='ocrx_word' id='word_1_15' title='bbox 236 479 311 564; x_wconf 86' lang='lat' dir='ltr'>Sp</span> <span class='ocrx_word' id='word_1_16' title='bbox 334 479 560 545; x_wconf 88' lang='lat' dir='ltr'>endide</span> <span class='ocrx_word' id='word_1_17' title='bbox 603 479 877 544; x_wconf 86' lang='lat' dir='ltr'>mendax</span> <span class='ocrx_word' id='word_1_18' title='bbox 921 482 986 543; x_wconf 75' lang='lat' dir='ltr'>et</span> <span class='ocrx_word' id='word_1_19' title='bbox 1025 481 1098 544; x_wconf 92' lang='lat' dir='ltr'>in</span> <span class='ocrx_word' id='word_1_20' title='bbox 1141 501 1329 546; x_wconf 91' lang='lat' dir='ltr'>omne</span> <span class='ocrx_word' id='word_1_21' title='bbox 1372 483 1552 568; x_wconf 83' lang='lat' dir='ltr'>virgo</span> <span class='ocrx_word' id='word_1_22' title='bbox 2080 500 2152 550; x_wconf 76' lang='lat'>³5</span> 
     </span>
     <span class='ocr_line' id='line_1_5' title="bbox 305 562 858 647; baseline -0.002 -18"><span class='ocrx_word' id='word_1_23' title='bbox 305 562 556 629; x_wconf 84' lang='lat' dir='ltr'>Nobilis</span> <span class='ocrx_word' id='word_1_24' title='bbox 601 585 858 647; x_wconf 85' lang='lat' dir='ltr'>aevum,</span> 
     </span>
    </p>
   </div>
   <div class='ocr_carea' id='block_1_3' title="bbox 232 679 2152 1018">
    <p class='ocr_par' dir='ltr' id='par_1_5' title="bbox 232 679 2152 1018">
     <span class='ocr_line' id='line_1_6' title="bbox 238 679 1432 768; baseline 0.001 -22"><span class='ocrx_word' id='word_1_25' title='bbox 238 679 471 766; x_wconf 76' lang='lat' dir='ltr'>‘Surge&#39;</span> <span class='ocrx_word' id='word_1_26' title='bbox 519 704 680 764; x_wconf 88' lang='lat' dir='ltr'>quae</span> <span class='ocrx_word' id='word_1_27' title='bbox 726 681 889 745; x_wconf 80' lang='lat' dir='ltr'>dixit</span> <span class='ocrx_word' id='word_1_28' title='bbox 928 682 1142 747; x_wconf 82' lang='lat' dir='ltr'>iuveni</span> <span class='ocrx_word' id='word_1_29' title='bbox 1169 684 1432 768; x_wconf 82' lang='lat' dir='ltr'>marito,</span> 
     </span>
     <span class='ocr_line' id='line_1_7' title="bbox 235 763 1590 852; baseline 0.003 -23"><span class='ocrx_word' id='word_1_30' title='bbox 235 763 445 850; x_wconf 74' lang='lat' dir='ltr'>‘Surge</span> <span class='ocrx_word' id='word_1_31' title='bbox 459 813 478 848; x_wconf 85' lang='lat'><em>‚</em></span> <span class='ocrx_word' id='word_1_32' title='bbox 519 786 603 829; x_wconf 90' lang='lat' dir='ltr'>ne</span> <span class='ocrx_word' id='word_1_33' title='bbox 645 766 878 850; x_wconf 81' lang='lat' dir='ltr'>longus</span> <span class='ocrx_word' id='word_1_34' title='bbox 921 766 1040 830; x_wconf 88' lang='lat' dir='ltr'>tibi</span> <span class='ocrx_word' id='word_1_35' title='bbox 1086 788 1347 832; x_wconf 86' lang='lat' dir='ltr'>somnus</span> <span class='ocrx_word' id='word_1_36' title='bbox 1359 817 1379 852; x_wconf 86' lang='lat'><em>,</em></span> <span class='ocrx_word' id='word_1_37' title='bbox 1422 768 1590 834; x_wconf 88' lang='lat' dir='ltr'>unde</span> 
     </span>
     <span class='ocr_line' id='line_1_8' title="bbox 232 847 1675 933; baseline 0.003 -19"><span class='ocrx_word' id='word_1_38' title='bbox 232 847 371 914; x_wconf 91' lang='lat' dir='ltr'>Non</span> <span class='ocrx_word' id='word_1_39' title='bbox 411 848 598 913; x_wconf 75' lang='lat' dir='ltr'>times</span> <span class='ocrx_word' id='word_1_40' title='bbox 611 899 631 932; x_wconf 86' lang='lat'><em>‚</em></span> <span class='ocrx_word' id='word_1_41' title='bbox 677 850 889 933; x_wconf 80' lang='lat' dir='ltr'>detur3</span> <span class='ocrx_word' id='word_1_42' title='bbox 936 871 1225 915; x_wconf 83' lang='lat' dir='ltr'>socerum</span> <span class='ocrx_word' id='word_1_43' title='bbox 1270 855 1334 916; x_wconf 85' lang='lat' dir='ltr'>et</span> <span class='ocrx_word' id='word_1_44' title='bbox 1377 853 1675 919; x_wconf 82' lang='lat' dir='ltr'>scelestas</span> 
     </span>
     <span class='ocr_line' id='line_1_9' title="bbox 303 932 2152 1018; baseline 0.004 -22"><span class='ocrx_word' id='word_1_45' title='bbox 303 932 478 997; x_wconf 88' lang='lat' dir='ltr'>Falle</span> <span class='ocrx_word' id='word_1_46' title='bbox 523 954 770 997; x_wconf 86' lang='lat' dir='ltr'>sorores</span> <span class='ocrx_word' id='word_1_47' title='bbox 782 983 801 1018; x_wconf 85' lang='lat'>‚</span> <span class='ocrx_word' id='word_1_48' title='bbox 2078 953 2152 1004; x_wconf 83' lang='lat'>40</span> 
     </span>
    </p>
   </div>
   <div class='ocr_carea' id='block_1_4' title="bbox 226 1049 1475 1302">
    <p class='ocr_par' dir='ltr' id='par_1_6' title="bbox 226 1049 1475 1302">
     <span class='ocr_line' id='line_1_10' title="bbox 229 1049 1457 1125; baseline 0.004 -12"><span class='ocrx_word' id='word_1_49' title='bbox 229 1049 392 1125; x_wconf 84' lang='lat' dir='ltr'><strong>Quae</strong></span> <span class='ocrx_word' id='word_1_50' title='bbox 434 1050 611 1114; x_wconf 79' lang='lat' dir='ltr'>velut</span> <span class='ocrx_word' id='word_1_51' title='bbox 650 1053 877 1114; x_wconf 84' lang='lat' dir='ltr'>nactae</span> <span class='ocrx_word' id='word_1_52' title='bbox 920 1051 1152 1116; x_wconf 80' lang='lat' dir='ltr'>vitulos</span> <span class='ocrx_word' id='word_1_53' title='bbox 1197 1053 1457 1119; x_wconf 88' lang='lat' dir='ltr'>leaenae</span> 
     </span>
     <span class='ocr_line' id='line_1_11' title="bbox 229 1132 1426 1219; baseline 0.002 -21"><span class='ocrx_word' id='word_1_54' title='bbox 229 1132 288 1198; x_wconf 85' lang='lat' dir='ltr'>S·</span> <span class='ocrx_word' id='word_1_55' title='bbox 423 1134 522 1197; x_wconf 85' lang='lat' dir='ltr'>los</span> <span class='ocrx_word' id='word_1_56' title='bbox 569 1133 730 1197; x_wconf 87' lang='lat' dir='ltr'>eheu</span> <span class='ocrx_word' id='word_1_57' title='bbox 772 1134 1086 1199; x_wconf 82' lang='lat' dir='ltr'>lacerant:</span> <span class='ocrx_word' id='word_1_58' title='bbox 1133 1157 1253 1219; x_wconf 86' lang='lat' dir='ltr'>ego</span> <span class='ocrx_word' id='word_1_59' title='bbox 1298 1136 1426 1200; x_wconf 86' lang='lat' dir='ltr'>illis</span> 
     </span>
     <span class='ocr_line' id='line_1_12' title="bbox 226 1216 1475 1302; baseline 0.003 -22"><span class='ocrx_word' id='word_1_60' title='bbox 226 1216 328 1281; x_wconf 92' lang='lat' dir='ltr'>Mo</span> <span class='ocrx_word' id='word_1_61' title='bbox 387 1217 478 1281; x_wconf 82' lang='lat' dir='ltr'>&#39;or</span> <span class='ocrx_word' id='word_1_62' title='bbox 519 1238 638 1281; x_wconf 85' lang='lat' dir='ltr'>nec</span> <span class='ocrx_word' id='word_1_63' title='bbox 680 1220 745 1281; x_wconf 84' lang='lat' dir='ltr'>te</span> <span class='ocrx_word' id='word_1_64' title='bbox 787 1217 1012 1282; x_wconf 86' lang='lat' dir='ltr'>feriam</span> <span class='ocrx_word' id='word_1_65' title='bbox 1054 1240 1260 1302; x_wconf 88' lang='lat' dir='ltr'>neque</span> <span class='ocrx_word' id='word_1_66' title='bbox 1303 1220 1475 1284; x_wconf 82' lang='lat' dir='ltr'>intra</span> 
     </span>
    </p>
   </div>
   <div class='ocr_carea' id='block_1_5' title="bbox 304 1299 890 1366">
    <p class='ocr_par' dir='ltr' id='par_1_7' title="bbox 304 1299 890 1366">
     <span class='ocr_line' id='line_1_13' title="bbox 304 1299 890 1366; baseline 0 0"><span class='ocrx_word' id='word_1_67' title='bbox 304 1299 599 1366; x_wconf 77' lang='lat' dir='ltr'><strong>Claustra</strong></span> <span class='ocrx_word' id='word_1_68' title='bbox 637 1302 890 1366; x_wconf 76' lang='lat' dir='ltr'>tenebo,</span> 
     </span>
    </p>
   </div>
   <div class='ocr_carea' id='block_1_6' title="bbox 222 1417 2148 1758">
    <p class='ocr_par' dir='ltr' id='par_1_8' title="bbox 222 1417 2148 1677">
     <span class='ocr_line' id='line_1_14' title="bbox 225 1417 2148 1506; baseline 0.004 -25"><span class='ocrx_word' id='word_1_69' title='bbox 225 1417 324 1482; x_wconf 89' lang='lat' dir='ltr'>Me</span> <span class='ocrx_word' id='word_1_70' title='bbox 412 1422 549 1482; x_wconf 88' lang='lat' dir='ltr'>ater</span> <span class='ocrx_word' id='word_1_71' title='bbox 594 1419 799 1483; x_wconf 85' lang='lat' dir='ltr'>saevis</span> <span class='ocrx_word' id='word_1_72' title='bbox 844 1424 1065 1484; x_wconf 78' lang='lat' dir='ltr'>&#39;oneret</span> <span class='ocrx_word' id='word_1_73' title='bbox 1109 1422 1352 1486; x_wconf 84' lang='lat' dir='ltr'>eatenis</span> <span class='ocrx_word' id='word_1_74' title='bbox 1362 1471 1382 1506; x_wconf 87' lang='lat'><em>,</em></span> <span class='ocrx_word' id='word_1_75' title='bbox 2078 1441 2148 1489; x_wconf 80' lang='lat'>45</span> 
     </span>
     <span class='ocr_line' id='line_1_15' title="bbox 224 1440 1512 1593; baseline 0.004 -27"><span class='ocrx_word' id='word_1_76' title='bbox 224 1440 409 1577; x_wconf 46' lang='lat' dir='ltr'>Quo}</span> <span class='ocrx_word' id='word_1_77' title='bbox 446 1503 582 1567; x_wconf 87' lang='lat' dir='ltr'>viro</span> <span class='ocrx_word' id='word_1_78' title='bbox 629 1504 907 1574; x_wconf 83' lang='lat' dir='ltr'>clemens</span> <span class='ocrx_word' id='word_1_79' title='bbox 949 1504 1182 1569; x_wconf 88' lang='lat' dir='ltr'>misero</span> <span class='ocrx_word' id='word_1_80' title='bbox 1225 1508 1512 1593; x_wconf 80' lang='lat' dir='ltr'>peperci3</span> 
     </span>
     <span class='ocr_line' id='line_1_16' title="bbox 222 1585 1639 1677; baseline 0.006 -27"><span class='ocrx_word' id='word_1_81' title='bbox 222 1585 324 1650; x_wconf 92' lang='lat' dir='ltr'>Me</span> <span class='ocrx_word' id='word_1_82' title='bbox 365 1587 468 1650; x_wconf 83' lang='lat' dir='ltr'>vel</span> <span class='ocrx_word' id='word_1_83' title='bbox 511 1590 825 1653; x_wconf 85' lang='lat' dir='ltr'>extremos</span> <span class='ocrx_word' id='word_1_84' title='bbox 867 1587 1292 1658; x_wconf 85' lang='lat' dir='ltr'>Numidarum</span> <span class='ocrx_word' id='word_1_85' title='bbox 1333 1591 1404 1654; x_wconf 90' lang='lat' dir='ltr'>in</span> <span class='ocrx_word' id='word_1_86' title='bbox 1449 1613 1639 1677; x_wconf 84' lang='lat' dir='ltr'>agros</span> 
     </span>
    </p>

    <p class='ocr_par' dir='ltr' id='par_1_9' title="bbox 303 1668 825 1758">
     <span class='ocr_line' id='line_1_17' title="bbox 303 1668 825 1758; baseline 0.004 -23"><span class='ocrx_word' id='word_1_87' title='bbox 303 1668 524 1735; x_wconf 82' lang='lat' dir='ltr'><strong>Classe</strong></span> <span class='ocrx_word' id='word_1_88' title='bbox 564 1672 825 1758; x_wconf 85' lang='lat' dir='ltr'>releget.</span> 
     </span>
    </p>
   </div>
   <div class='ocr_carea' id='block_1_7' title="bbox 214 1787 2152 1956">
    <p class='ocr_par' dir='ltr' id='par_1_10' title="bbox 214 1787 2152 1956">
     <span class='ocr_line' id='line_1_18' title="bbox 217 1787 1468 1876; baseline 0.004 -25"><span class='ocrx_word' id='word_1_89' title='bbox 217 1787 280 1869; x_wconf 87' lang='grc' dir='ltr'>Ι,</span> <span class='ocrx_word' id='word_1_90' title='bbox 323 1787 516 1871; x_wconf 85' lang='lat' dir='ltr'>pedes</span> <span class='ocrx_word' id='word_1_91' title='bbox 561 1809 686 1871; x_wconf 88' lang='lat' dir='ltr'>quo</span> <span class='ocrx_word' id='word_1_92' title='bbox 730 1793 794 1853; x_wconf 87' lang='lat' dir='ltr'>te</span> <span class='ocrx_word' id='word_1_93' title='bbox 837 1811 910 1853; x_wconf 91' lang='lat' dir='ltr'>ra</span> <span class='ocrx_word' id='word_1_94' title='bbox 956 1791 1098 1853; x_wconf 82' lang='lat' dir='ltr'>iunt</span> <span class='ocrx_word' id='word_1_95' title='bbox 1140 1793 1205 1855; x_wconf 83' lang='lat' dir='ltr'>et</span> <span class='ocrx_word' id='word_1_96' title='bbox 1247 1813 1468 1876; x_wconf 85' lang='lat' dir='ltr'>aurae,</span> 
     </span>
     <span class='ocr_line' id='line_1_19' title="bbox 214 1869 2152 1956; baseline 0.004 -22"><span class='ocrx_word' id='word_1_97' title='bbox 214 1869 388 1934; x_wconf 90' lang='lat' dir='ltr'>Dum</span> <span class='ocrx_word' id='word_1_98' title='bbox 431 1871 605 1935; x_wconf 84' lang='lat' dir='ltr'>favet</span> <span class='ocrx_word' id='word_1_99' title='bbox 644 1892 776 1935; x_wconf 86' lang='lat' dir='ltr'>nox</span> <span class='ocrx_word' id='word_1_100' title='bbox 820 1875 885 1935; x_wconf 86' lang='lat' dir='ltr'>et</span> <span class='ocrx_word' id='word_1_101' title='bbox 990 1893 1176 1956; x_wconf 81' lang='lat' dir='ltr'>enus3</span> <span class='ocrx_word' id='word_1_102' title='bbox 1221 1874 1245 1936; x_wconf 93' lang='lat' dir='ltr'>i</span> <span class='ocrx_word' id='word_1_103' title='bbox 1290 1875 1566 1939; x_wconf 89' lang='lat' dir='ltr'>seeundo</span> <span class='ocrx_word' id='word_1_104' title='bbox 2078 1892 2152 1942; x_wconf 79' lang='lat'>50</span> 
     </span>
    </p>
   </div>
   <div class='ocr_carea' id='block_1_8' title="bbox 216 1953 1560 2119">
    <p class='ocr_par' dir='ltr' id='par_1_11' title="bbox 216 1953 1560 2119">
     <span class='ocr_line' id='line_1_20' title="bbox 216 1953 1560 2039; baseline 0.002 -20"><span class='ocrx_word' id='word_1_105' title='bbox 216 1953 479 2036; x_wconf 85' lang='lat' dir='ltr'>Omine,</span> <span class='ocrx_word' id='word_1_106' title='bbox 525 1956 591 2018; x_wconf 85' lang='lat' dir='ltr'>et</span> <span class='ocrx_word' id='word_1_107' title='bbox 631 1953 836 2018; x_wconf 77' lang='lat' dir='ltr'>nostri</span> <span class='ocrx_word' id='word_1_108' title='bbox 879 1975 1226 2019; x_wconf 84' lang='lat' dir='ltr'>memorem</span> <span class='ocrx_word' id='word_1_109' title='bbox 1272 1958 1560 2039; x_wconf 84' lang='lat' dir='ltr'>sepulcro</span> 
     </span>
     <span class='ocr_line' id='line_1_21' title="bbox 300 2035 958 2119; baseline 0 -18"><span class='ocrx_word' id='word_1_110' title='bbox 300 2035 528 2119; x_wconf 81' lang='lat' dir='ltr'>Scalpe</span> <span class='ocrx_word' id='word_1_111' title='bbox 570 2037 958 2119; x_wconf 89' lang='lat' dir='ltr'>querellam.’</span> 
     </span>
    </p>
   </div>
   <div class='ocr_carea' id='block_1_9' title="bbox 1024 2128 1329 2137">
    <p class='ocr_par' dir='ltr' id='par_1_12' title="bbox 1024 2128 1329 2137">
     <span class='ocr_line' id='line_1_22' title="bbox 1024 2128 1329 2137; baseline 0 1813"><span class='ocrx_word' id='word_1_112' title='bbox 1024 2128 1329 2137; x_wconf 95' lang='lat' dir='ltr'> </span> 
     </span>
    </p>
   </div>
   <div class='ocr_carea' id='block_1_10' title="bbox 1086 2208 2390 2320">
    <p class='ocr_par' dir='ltr' id='par_1_13' title="bbox 1086 2208 2390 2320">
     <span class='ocr_line' id='line_1_23' title="bbox 1086 2208 2390 2320; baseline 0.002 -37"><span class='ocrx_word' id='word_1_113' title='bbox 1086 2212 1245 2286; x_wconf 84' lang='grc' dir='ltr'>ΧΠ.</span> <span class='ocrx_word' id='word_1_114' title='bbox 2135 2208 2390 2320; x_wconf 37' lang='lat' dir='ltr'>‘vdua-⁰⁸</span> 
     </span>
    </p>
   </div>
   <div class='ocr_carea' id='block_1_11' title="bbox 205 2323 2075 2496">
    <p class='ocr_par' dir='ltr' id='par_1_14' title="bbox 205 2323 2075 2496">
     <span class='ocr_line' id='line_1_24' title="bbox 208 2323 2031 2410; baseline 0.001 -23"><span class='ocrx_word' id='word_1_115' title='bbox 208 2323 657 2388; x_wconf 75' lang='lat' dir='ltr'>Miserarumst</span> <span class='ocrx_word' id='word_1_116' title='bbox 697 2345 816 2389; x_wconf 89' lang='lat' dir='ltr'>nee</span> <span class='ocrx_word' id='word_1_117' title='bbox 860 2328 1058 2391; x_wconf 88' lang='lat' dir='ltr'>amori</span> <span class='ocrx_word' id='word_1_118' title='bbox 1103 2327 1250 2390; x_wconf 86' lang='lat' dir='ltr'>dare</span> <span class='ocrx_word' id='word_1_119' title='bbox 1294 2326 1514 2390; x_wconf 89' lang='lat' dir='ltr'>ludum</span> <span class='ocrx_word' id='word_1_120' title='bbox 1557 2348 1764 2410; x_wconf 89' lang='lat' dir='ltr'>neque</span> <span class='ocrx_word' id='word_1_121' title='bbox 1810 2326 1981 2390; x_wconf 87' lang='lat' dir='ltr'>dulci</span> <span class='ocrx_word' id='word_1_122' title='bbox 2021 2326 2031 2408; x_wconf 86' lang='grc' dir='ltr'>Ι</span> 
     </span>
     <span class='ocr_line' id='line_1_25' title="bbox 205 2407 2075 2496; baseline 0.003 -25"><span class='ocrx_word' id='word_1_123' title='bbox 205 2408 388 2471; x_wconf 87' lang='lat' dir='ltr'>mala</span> <span class='ocrx_word' id='word_1_124' title='bbox 426 2407 576 2471; x_wconf 84' lang='lat' dir='ltr'>vino</span> <span class='ocrx_word' id='word_1_125' title='bbox 619 2407 829 2471; x_wconf 83' lang='lat' dir='ltr'>lavere</span> <span class='ocrx_word' id='word_1_126' title='bbox 858 2411 969 2471; x_wconf 86' lang='lat' dir='ltr'>aut</span> <span class='ocrx_word' id='word_1_127' title='bbox 1003 2408 1353 2472; x_wconf 68' lang='lat' dir='ltr'>exanimati</span> <span class='ocrx_word' id='word_1_128' title='bbox 1381 2411 1735 2474; x_wconf 71' lang='lat' dir='ltr'>metuentes</span> <span class='ocrx_word' id='word_1_129' title='bbox 1768 2413 1776 2496; x_wconf 79' lang='grc' dir='ltr'>Ι</span> <span class='ocrx_word' id='word_1_130' title='bbox 1809 2415 2075 2495; x_wconf 81' lang='lat' dir='ltr'>patruae</span> 
     </span>
    </p>
   </div>
   <div class='ocr_carea' id='block_1_12' title="bbox 197 2491 2076 2859">
    <p class='ocr_par' dir='ltr' id='par_1_15' title="bbox 204 2491 799 2576">
     <span class='ocr_line' id='line_1_26' title="bbox 204 2491 799 2576; baseline 0.002 -21"><span class='ocrx_word' id='word_1_131' title='bbox 204 2491 481 2556; x_wconf 84' lang='lat' dir='ltr'>verbera</span> <span class='ocrx_word' id='word_1_132' title='bbox 519 2491 799 2576; x_wconf 79' lang='lat' dir='ltr'>linguae.</span> 
     </span>
    </p>

    <p class='ocr_par' dir='ltr' id='par_1_16' title="bbox 197 2606 2076 2859">
     <span class='ocr_line' id='line_1_27' title="bbox 203 2606 2076 2696; baseline 0.002 -24"><span class='ocrx_word' id='word_1_133' title='bbox 203 2608 362 2672; x_wconf 83' lang='lat' dir='ltr'>Tibi</span> <span class='ocrx_word' id='word_1_134' title='bbox 406 2608 664 2691; x_wconf 88' lang='lat' dir='ltr'>qualum</span> <span class='ocrx_word' id='word_1_135' title='bbox 698 2606 1044 2690; x_wconf 79' lang='lat' dir='ltr'>Cythereae</span> <span class='ocrx_word' id='word_1_136' title='bbox 1071 2629 1231 2693; x_wconf 89' lang='lat' dir='ltr'>puer</span> <span class='ocrx_word' id='word_1_137' title='bbox 1260 2610 1420 2693; x_wconf 85' lang='lat' dir='ltr'>ales,</span> <span class='ocrx_word' id='word_1_138' title='bbox 1463 2610 1586 2674; x_wconf 79' lang='lat' dir='ltr'>tibi</span> <span class='ocrx_word' id='word_1_139' title='bbox 1616 2611 1777 2675; x_wconf 85' lang='lat' dir='ltr'>telas</span> <span class='ocrx_word' id='word_1_140' title='bbox 1853 2633 2076 2696; x_wconf 87' lang='lat' dir='ltr'>opero-</span> 
     </span>
     <span class='ocr_line' id='line_1_28' title="bbox 201 2690 2076 2789; baseline 0.002 -32"><span class='ocrx_word' id='word_1_141' title='bbox 201 2712 447 2775; x_wconf 83' lang='lat' dir='ltr'>saeque</span> <span class='ocrx_word' id='word_1_142' title='bbox 481 2690 805 2789; x_wconf 75' lang='lat' dir='ltr'>Minervae</span> <span class='ocrx_word' id='word_1_143' title='bbox 850 2692 1126 2757; x_wconf 87' lang='lat' dir='ltr'>studium</span> <span class='ocrx_word' id='word_1_144' title='bbox 1169 2694 1378 2758; x_wconf 75' lang='lat' dir='ltr'>aufert</span> <span class='ocrx_word' id='word_1_145' title='bbox 1418 2693 1708 2761; x_wconf 91' lang='lat' dir='ltr'>Neobule</span> <span class='ocrx_word' id='word_1_146' title='bbox 1742 2695 1751 2780; x_wconf 83' lang='grc' dir='ltr'>Ι</span> <span class='ocrx_word' id='word_1_147' title='bbox 1836 2695 2076 2779; x_wconf 87' lang='lat' dir='ltr'>iparaei</span> 
     </span>
     <span class='ocr_line' id='line_1_29' title="bbox 197 2774 660 2859; baseline 0 -19"><span class='ocrx_word' id='word_1_148' title='bbox 197 2776 389 2840; x_wconf 84' lang='lat' dir='ltr'>nitor</span> <span class='ocrx_word' id='word_1_149' title='bbox 428 2774 629 2840; x_wconf 86' lang='lat' dir='ltr'>Hebn</span> <span class='ocrx_word' id='word_1_150' title='bbox 640 2826 660 2859; x_wconf 86' lang='lat'><em>‚</em></span> 
     </span>
    </p>
   </div>
   <div class='ocr_carea' id='block_1_13' title="bbox 188 2893 2153 3429">
    <p class='ocr_par' dir='ltr' id='par_1_17' title="bbox 193 2893 2077 3145">
     <span class='ocr_line' id='line_1_30' title="bbox 197 2893 2073 2982; baseline 0.001 -23"><span class='ocrx_word' id='word_1_151' title='bbox 197 2893 421 2959; x_wconf 88' lang='lat' dir='ltr'>Simul</span> <span class='ocrx_word' id='word_1_152' title='bbox 448 2896 675 2958; x_wconf 86' lang='lat' dir='ltr'>unetos</span> <span class='ocrx_word' id='word_1_153' title='bbox 697 2893 1014 2959; x_wconf 81' lang='lat' dir='ltr'>Tiberinis</span> <span class='ocrx_word' id='word_1_154' title='bbox 1036 2916 1289 2960; x_wconf 87' lang='lat' dir='ltr'>umeros</span> <span class='ocrx_word' id='word_1_155' title='bbox 1318 2895 1475 2959; x_wconf 84' lang='lat' dir='ltr'>lavit</span> <span class='ocrx_word' id='word_1_156' title='bbox 1497 2895 1567 2959; x_wconf 89' lang='lat' dir='ltr'>in</span> <span class='ocrx_word' id='word_1_157' title='bbox 1586 2894 1774 2959; x_wconf 88' lang='lat' dir='ltr'>undis</span> <span class='ocrx_word' id='word_1_158' title='bbox 1785 2943 1804 2978; x_wconf 86' lang='lat'><em>‚</em></span> <span class='ocrx_word' id='word_1_159' title='bbox 1840 2895 1848 2982; x_wconf 91' lang='grc' dir='ltr'>Ι</span> <span class='ocrx_word' id='word_1_160' title='bbox 1882 2917 2073 2980; x_wconf 84' lang='lat' dir='ltr'>eques</span> 
     </span>
     <span class='ocr_line' id='line_1_31' title="bbox 193 2977 2077 3064; baseline 0.002 -23"><span class='ocrx_word' id='word_1_161' title='bbox 193 2978 356 3061; x_wconf 88' lang='lat' dir='ltr'>ipso</span> <span class='ocrx_word' id='word_1_162' title='bbox 421 2977 646 3041; x_wconf 88' lang='lat' dir='ltr'>melior</span> <span class='ocrx_word' id='word_1_163' title='bbox 697 2977 1225 3062; x_wconf 75' lang='lat' dir='ltr'>Bellerophonte,</span> <span class='ocrx_word' id='word_1_164' title='bbox 1293 3000 1498 3062; x_wconf 88' lang='lat' dir='ltr'>neque</span> <span class='ocrx_word' id='word_1_165' title='bbox 1556 3000 1773 3064; x_wconf 88' lang='lat' dir='ltr'>pugno</span> <span class='ocrx_word' id='word_1_166' title='bbox 1818 2979 1826 3064; x_wconf 84' lang='grc' dir='ltr'>Ι</span> <span class='ocrx_word' id='word_1_167' title='bbox 1869 3002 2077 3063; x_wconf 90' lang='lat' dir='ltr'>neque</span> 
     </span>
     <span class='ocr_line' id='line_1_32' title="bbox 194 3060 879 3145; baseline 0.003 -21"><span class='ocrx_word' id='word_1_168' title='bbox 194 3062 402 3145; x_wconf 84' lang='lat' dir='ltr'>segni</span> <span class='ocrx_word' id='word_1_169' title='bbox 441 3060 603 3145; x_wconf 90' lang='lat' dir='ltr'>pede</span> <span class='ocrx_word' id='word_1_170' title='bbox 647 3061 879 3144; x_wconf 71' lang='lat' dir='ltr'>viotu5‚</span> 
     </span>
    </p>

    <p class='ocr_par' dir='ltr' id='par_1_18' title="bbox 188 3178 2153 3429">
     <span class='ocr_line' id='line_1_33' title="bbox 192 3178 2153 3267; baseline 0.001 -24"><span class='ocrx_word' id='word_1_171' title='bbox 192 3178 414 3243; x_wconf 80' lang='lat' dir='ltr'>Catus</span> <span class='ocrx_word' id='word_1_172' title='bbox 468 3181 637 3242; x_wconf 85' lang='lat' dir='ltr'>idem</span> <span class='ocrx_word' id='word_1_173' title='bbox 689 3200 804 3262; x_wconf 87' lang='lat' dir='ltr'>per</span> <span class='ocrx_word' id='word_1_174' title='bbox 847 3183 1138 3262; x_wconf 81' lang='lat' dir='ltr'>apertum</span> <span class='ocrx_word' id='word_1_175' title='bbox 1189 3181 1510 3265; x_wconf 83' lang='lat' dir='ltr'>fugientes</span> <span class='ocrx_word' id='word_1_176' title='bbox 1556 3181 1797 3266; x_wconf 84' lang='lat' dir='ltr'>agitato</span> <span class='ocrx_word' id='word_1_177' title='bbox 1833 3184 1840 3265; x_wconf 83' lang='grc' dir='ltr'>Ι</span> <span class='ocrx_word' id='word_1_178' title='bbox 1870 3204 2068 3267; x_wconf 83' lang='lat' dir='ltr'>grege</span> <span class='ocrx_word' id='word_1_179' title='bbox 2111 3200 2153 3245; x_wconf 76' lang='lat'>4·</span> 
     </span>
     <span class='ocr_line' id='line_1_34' title="bbox 189 3262 2076 3356; baseline 0.004 -32"><span class='ocrx_word' id='word_1_180' title='bbox 189 3282 436 3356; x_wconf 61' lang='lat' dir='ltr'>cerYos</span> <span class='ocrx_word' id='word_1_181' title='bbox 489 3262 751 3327; x_wconf 82' lang='lat' dir='ltr'>iaculari</span> <span class='ocrx_word' id='word_1_182' title='bbox 805 3268 870 3327; x_wconf 81' lang='lat' dir='ltr'>et</span> <span class='ocrx_word' id='word_1_183' title='bbox 924 3263 1088 3327; x_wconf 85' lang='lat' dir='ltr'>celer</span> <span class='ocrx_word' id='word_1_184' title='bbox 1140 3268 1279 3328; x_wconf 85' lang='lat' dir='ltr'>arto</span> <span class='ocrx_word' id='word_1_185' title='bbox 1333 3265 1692 3329; x_wconf 76' lang='lat' dir='ltr'>latitantem</span> <span class='ocrx_word' id='word_1_186' title='bbox 1730 3265 1738 3349; x_wconf 81' lang='lat' dir='ltr'>l</span> <span class='ocrx_word' id='word_1_187' title='bbox 1776 3265 2076 3331; x_wconf 80' lang='lat' dir='ltr'>fruticeto</span> 
     </span>
     <span class='ocr_line' id='line_1_35' title="bbox 188 3359 787 3429; baseline 0.005 -21"><span class='ocrx_word' id='word_1_188' title='bbox 188 3366 504 3428; x_wconf 75' lang='lat' dir='ltr'>excipere</span> <span class='ocrx_word' id='word_1_189' title='bbox 546 3359 787 3429; x_wconf 85' lang='lat' dir='ltr'>aprum.</span> 
     </span>
    </p>
   </div>
   <div class='ocr_carea' id='block_1_14' title="bbox 1022 3462 1326 3472">
    <p class='ocr_par' dir='ltr' id='par_1_19' title="bbox 1022 3462 1326 3472">
     <span class='ocr_line' id='line_1_36' title="bbox 1022 3462 1326 3472; baseline 0 478"><span class='ocrx_word' id='word_1_190' title='bbox 1022 3462 1326 3472; x_wconf 95' lang='lat' dir='ltr'> </span> 
     </span>
    </p>
   </div>
   <div class='ocr_carea' id='block_1_15' title="bbox 304 3515 1840 3566">
    <p class='ocr_par' dir='ltr' id='par_1_20' title="bbox 304 3515 1840 3566">
     <span class='ocr_line' id='line_1_37' title="bbox 304 3515 1840 3566; baseline 0.001 -12"><span class='ocrx_word' id='word_1_191' title='bbox 304 3515 568 3554; x_wconf 65' lang='lat' dir='ltr'>nomme.</span> <span class='ocrx_word' id='word_1_192' title='bbox 1806 3526 1840 3566; x_wconf 70' lang='lat'><strong>5</strong></span> 
     </span>
    </p>
   </div>
  </div>
 </body>
</html>
