2514 3950
375 201 552 256 LXIV
1052 197 1617 256 PROLEGOMENA.

379 352 694 411 adseratur
738 366 896 417 num,
942 350 1138 409 nescio
1186 366 1266 408 an
1308 349 1509 424 potius
1555 352 1811 425 utroque
1855 349 1984 410 loeo
2031 351 2111 411 sit
2152 352 2286 411 scri-

378 441 637 499 bendum
683 455 811 499 neu.
903 435 1185 497 Ceterum
1233 437 1384 495 illud
1429 455 1650 513 semper
1695 441 1948 514 apparet
1987 440 2287 515 pertinere

379 529 456 588 ad
500 530 684 602 inops,
729 545 849 586 non
894 526 970 586 ad
1013 528 1186 600 ayitet
1226 530 1506 599 vexetque.
1596 525 1922 603 Nimirum,
1976 530 2046 586 ut
2092 532 2184 588 est
2225 530 2285 589 in

379 620 582 677 vetere
625 615 958 692 proverbio,
1005 618 1125 674 tam
1169 615 1292 675 dest
1331 632 1511 675 avaro
1547 616 1698 689 quod
1730 616 1899 676 habet
1931 632 2106 689 quam
2141 620 2288 691 quod

340 764 341 769 ,
377 722 493 765 non
536 705 717 765 habet.

262 824 267 829 ·
395 844 399 850 .
509 793 716 869 Ep.1‚
768 794 874 865 19,
924 791 1035 865 48,
1082 793 1163 851 49
1233 791 1479 851 seclusit
1527 792 1601 851 A.
1646 791 1981 869 Nauokius3
2036 793 2107 854 cf.
2154 795 2286 855 leot.

378 882 522 941 Hor.
574 881 879 954 714,15.

512 969 621 1044 Ep.
665 987 715 1041 1,
766 969 874 1043 20,
923 969 961 1027 5
1017 969 1153 1043 fuya
1196 985 1308 1041 quo
1353 968 1685 1028 descendere
1722 971 1911 1044 yestis.
1993 969 2154 1029 Illud
2198 972 2290 1030 de-

379 1059 643 1120 scendere
686 1057 869 1116 etiam
914 1056 993 1116 ad
1036 1058 1173 1132 fuya
1215 1056 1517 1131 pertinere
1564 1056 1711 1116 satis
1752 1056 2163 1118 demonstrant
2204 1076 2288 1118 se-

380 1146 642 1222 quentia..

516 1237 627 1309 20,
668 1237 769 1296 19.
831 1232 994 1292 Illud
1029 1233 1116 1292 sol
1150 1233 1374 1308 tepidus
1409 1251 1543 1292 oum
1577 1233 1973 1308 probabiliter
2009 1233 2292 1310 explicari

378 1342 554 1399 posse
601 1323 927 1398 desperem,
975 1321 1173 1381 nescio
1220 1338 1299 1380 an
1345 1320 1720 1380 scribendum
1766 1322 1846 1380 sit
1890 1324 2175 1396 trepidus,
2222 1328 2293 1384 ut

380 1411 528 1471 alibi
572 1410 724 1469 dixit
758 1410 903 1470 Hor.
937 1411 1212 1484 rapidum
1255 1410 1430 1470 solem
1475 1411 1539 1468 et
1574 1409 1778 1468 bimam
1813 1412 2046 1471 celerem
2069 1427 2293 1486 promes

379 1501 603 1560 volvere
644 1515 878 1558 menses.
937 1496 1026 1557 Cf.
1064 1498 1248 1558 etiam
1295 1516 1341 1557 o.
1377 1516 1441 1574 11,
1480 1499 1538 1570 4,
1576 1500 1677 1570 23,
1718 1499 1821 1557 24.
1867 1531 1942 1540 -
1993 1499 2293 1561 Linkerus

381 1588 597 1648 conicit
643 1586 1019 1646 scribendum
1071 1588 1164 1648 sal
1209 1587 1447 1660 lepidus.
1536 1583 1817 1645 Ceterum
1859 1588 2005 1647 haee
2050 1607 2172 1648 non
2216 1591 2296 1649 ad

381 1676 652 1753 proxima
695 1675 1030 1753 referenda,
1078 1675 1184 1735 sed
1229 1674 1308 1732 ad
1350 1693 1406 1732 v.
1449 1675 1530 1733 10
1577 1674 1726 1733 satis
1772 1677 2040 1751 apparet.

518 1767 618 1839 20,
658 1766 741 1823 24
774 1780 1156 1838 praecanam,
1202 1763 1417 1822 solibus
1463 1767 1679 1836 aptwm.
1751 1762 2078 1839 Eleganter
2123 1766 2187 1824 et
2224 1770 2297 1825 ut

381 1854 529 1912 mihi
565 1852 804 1928 quidem
836 1853 1076 1913 videtur
1105 1868 1246 1910 vere
1276 1849 1597 1909 Herbstius
1631 1851 1847 1913 solibus
1873 1857 2095 1924 mmm‚·
2112 1894 2117 1905 .
2133 1855 2297 1930 quod

381 1941 853 2018 Porphyrionem
916 1940 1135 2017 legisse
1197 1939 1509 2016 probabile
1565 1942 1672 2000 est.
1772 1939 1854 2000 Et
1907 1941 2138 2018 Apulos
2194 1944 2298 2004 vel

380 2031 556 2091 hodie
604 2031 827 2090 solibus
872 2030 1149 2106 perustos
1197 2031 1295 2088 sat
1338 2031 1589 2090 constat.
1680 2027 1766 2090 Cf.
1819 2048 1953 2089 ann.
1993 2031 2202 2106 philol.
2242 2051 2297 2092 a.

385 2121 552 2179 1873
608 2139 709 2196 pg.
757 2121 912 2195 8313
972 2119 1141 2176 1874
1206 2119 1364 2194 47Ο;
1423 2119 1575 2193 756;
1634 2119 1781 2176 814.
1880 2117 2007 2177 Neo
2060 2120 2300 2181 silenda

270 2269 275 2278 ,
380 2211 582 2267 tamen
629 2206 869 2267 Ottonis
914 2205 1190 2266 Muelleri
1236 2208 1298 2265 et
1343 2206 1415 2264 A.
1452 2205 1518 2263 F.
1560 2204 1900 2265 Ecksteinii'
1937 2209 2301 2284 coniectura,

379 2297 522 2355 lieet
558 2314 691 2355 eam
728 2294 1061 2355 existimem
1082 2293 1558 2369 ingeniosiorem
1596 2310 1726 2352 esse
1762 2313 1941 2369 quam
1967 2297 2300 2358 veriorem:

374 2402 730 2459 praeconum
772 2383 1038 2444 sordebus
1083 2385 1336 2455 aptums
2011 2407 2018 2410 ·

517 2475 628 2550 20,
678 2473 758 2532 28
807 2473 972 2531 duxit
1014 2468 1171 2545 cdd„
1216 2470 1365 2528 dixit
1406 2422 1786 2545 Doeringius.

515 2561 626 2637 Ep.
652 2579 715 2636 11,
757 2562 812 2637 1,
852 2561 934 2617 26
974 2574 1198 2618 annosa
1231 2557 1527 2617 volumina
1560 2562 1773 2618 vatum.
1830 2558 2102 2619 Videnda.
2137 2579 2305 2636 quae

384 2649 456 2709 de
500 2650 657 2709 vatis
702 2647 992 2708 vocabulo
1040 2646 1289 2720 exposui
1334 2646 1386 2704 d.
1425 2667 1472 2705 r.
1510 2666 1587 2704 m.
1624 2666 1681 2722 p.
1723 2650 1801 2709 65
1845 2666 1970 2723 sqq.

520 2742 578 2812 1,-
617 2738 718 2813 28,
758 2738 839 2795 29
887 2737 1025 2809 quia
1063 2733 1381 2795 Graiorum
1418 2740 1556 2795 swnt
1589 2738 1993 2809 antiquissima
2037 2754 2309 2812 quaeque

381 2828 602 2901 scripta
644 2825 733 2884 vel
776 2825 1008 2896 optima.
1098 2820 1352 2884 Omnino
1407 2825 1781 2898 eonferenda,
1843 2843 1994 2901 quae
2050 2825 2172 2884 dixi
2221 2828 2310 2889 de

381 2914 475 2973 his
521 2916 586 2972 in
631 2912 1043 2987 supplemento
1087 2910 1248 2971 vitae
1294 2911 1608 2972 Ritsehelii
1652 2932 1753 2990 pg.
1796 2915 1949 2987 156,
1999 2916 2055 2972 7.

518 3006 575 3077 1,
623 3003 703 3060 31
754 3000 913 3070 olea,·
956 3001 1140 3077 vulgo
1186 3002 1401 3073 oleam,·
1446 3020 1596 3061 corr.
1633 3001 1700 3059 B.
1773 3014 1779 3019 ·

519 3093 551 3149 1
569 3135 584 3164 ,
633 3089 714 3147 58
781 3085 1028 3149 Plautus
1081 3090 1160 3150 ad
1213 3092 1501 3165 exemplar
1554 3088 1736 3150 Simdi
1777 3106 2100 3164 properare
2143 3091 2312 3166 Epi-

383 3179 620 3237 charmi.
683 3175 848 3236 Haec
882 3179 1069 3237 verba
1102 3179 1310 3239 multis
1348 3179 1539 3238 modis
1577 3197 1614 3238 a
1649 3178 1837 3237 doctis
1876 3177 2108 3252 agitata
2138 3180 2316 3244 nihil

382 3265 547 3325 aliud
594 3263 928 3341 significare
972 3266 1087 3327 nisi
1123 3267 1408 3327 Plautum
1452 3267 1629 3342 plane
1676 3265 1831 3325 siout
1865 3264 2316 3340 Epicharmum

383 3372 618 3428 semper
664 3353 740 3413 ad
784 3358 1062 3415 eventum
1110 3355 1415 3431 festinare,
1461 3357 1531 3413 ut
1572 3353 1717 3412 alibi
1753 3355 1841 3414 ait
1875 3353 2037 3430 Hor.,
2081 3357 2318 3431 pleris-

381 3459 495 3515 que
543 3442 859 3504 adsentior.
951 3446 1177 3519 Atque⁴
1204 3444 1346 3518 apte
1392 3443 1695 3502 confertur
1737 3461 1777 3502 a
1824 3443 2110 3504 Teuffelio
2158 3445 2319 3509 Ari·
