2514 3950
333 162 452 228 156
855 207 859 212 .
1076 167 1503 225 summm
2190 166 2263 239 [1-

447 330 713 417 Frigore
754 334 820 398 te
861 332 1094 397 feriat?
1183 331 1374 408 ‘Quid
1385 380 1403 415 ,
1449 333 1656 396 cumst
1696 329 1978 428 Lucilius
2021 351 2217 394 ausus

447 415 701 481 Primus
729 418 800 482 in
840 417 1011 482 hunc
1041 417 1252 502 operis
1285 436 1644 499 conponere
1675 435 1959 479 carmma
1989 435 2262 497 morem,

447 498 799 566 Detrahere
830 505 897 566 et
929 502 1194 586 pellem,
1230 500 1481 565 'nitidus
1524 521 1650 583 qua
1692 499 1956 583 quisque
1998 520 2113 583 per
2143 519 2263 562 ora

323 597 389 647 ⁶5
451 584 751 669 Gederet,
796 587 1143 651 introrsum
1184 585 1425 668 turpis:
1469 605 1626 649 num
1655 583 1910 648 Laelius
1955 585 2020 648 et
2061 583 2175 666 qui

448 667 652 734 Duxit
693 670 773 734 ab
817 691 1122 755 oppressa
1172 669 1472 733 meritum
1514 666 1715 733 Carth
1806 668 1819 681 ⁰
1871 689 1905 732 e
1946 688 2187 732 nomen

448 752 722 838 Ingenio
768 754 995 818 offensi
1039 755 1151 818 aut
1191 754 1365 816 laeso
1412 752 1669 817 doluere
1784 752 1972 816 etello

449 837 865 922 Famosisque
908 837 1089 935 Lupo
1136 838 1439 920 cooperto
1482 836 1814 902 versibus?
1886 836 2088 919 Atqui

450 921 772 986 Primores
813 923 1039 1006 populi
1083 921 1353 1006 arripuit
1393 922 1826 1019 populumque
1867 920 2190 1004 tributim,

325 1018 392 1067 το
458 1005 714 1070 Scilicet
756 1007 871 1071 uni
914 1028 1152 1091 aequus
1195 1007 1420 1070 virtuti
1463 1009 1651 1090 atque
1696 1005 1832 1070 eius
1876 1005 2115 1069 amicis.

453 1089 624 1165 Quin
650 1091 762 1155 ubi
792 1111 860 1155 se
904 1113 943 1155 a
969 1092 1163 1177 vulgo
1195 1094 1261 1156 et
1293 1112 1522 1155 scaena
1563 1091 1634 1154 in
1664 1093 1905 1155 secreta
1931 1092 2264 1154 remorant

450 1173 673 1239 Virtus
719 1174 1052 1259 Scipiadae
1096 1179 1162 1241 et
1202 1176 1379 1240 mitis
1423 1175 1736 1260 sapientia
1777 1174 1981 1258 Laeli,

450 1257 702 1344 Nugari
747 1281 892 1325 cum
933 1261 1047 1325 illo
1093 1263 1159 1323 et
1203 1260 1500 1324 discincti
1542 1258 1788 1342 ludere,
1834 1258 2035 1323 donec

450 1341 930 1427 Decoqueretur
993 1345 1165 1428 clue,
1233 1344 1423 1409 soliti.
1521 1343 1841 1441 Quidquid
1907 1364 2047 1407 sum
2101 1363 2259 1428 ego,

1586 1449 1832 1493 uamvis

326 1522 391 1572 75
454 1511 635 1576 Infra
678 1514 885 1578 Lucili
929 1534 1190 1579 censum
1232 1449 1715 1598 ingeniunilun
1759 1515 1977 1577 tamen
2017 1532 2120 1575 me

454 1595 619 1661 Cum
660 1597 915 1680 magnis
958 1597 1192 1661 vixisse
1234 1598 1438 1661 invita
1478 1597 1784 1661 fatebitur
1823 1618 2023 1681 usque

450 1677 732 1763 Invidia,
779 1683 843 1744 et
884 1681 1103 1765 fragili
1146 1702 1456 1764 quaerens
1499 1680 1744 1744 illidere
1789 1681 2071 1763 dentem,

455 1763 754 1828 Offendet
797 1763 1032 1848 solido,
1077 1765 1204 1830 nisi
1249 1765 1402 1848 quid
1445 1768 1548 1848 tu,
1594 1765 1777 1829 docte
1821 1765 2111 1848 Trebati,

450 1846 817 1913 Dissentis.'
877 1848 1214 1933 ‘Equidem
1235 1850 1402 1914 nihil
1421 1849 1573 1914 hinc
1603 1849 1938 1934 diffingere
1965 1869 2258 1935 possum3

326 1943 393 1993 80
453 1927 579 1997 Sed
620 1935 838 2000 tamen
878 1938 953 2000 ut
993 1936 1276 2000 monitus
1322 1956 1572 2019 caveas,
1616 1955 1699 1999 ne
1743 1933 1910 1999 forte
1951 1934 2174 2020 negoti

451 2016 733 2083 Incutiat
771 2020 891 2084 tibi
962 2020 1073 2084 uid
1117 2020 1492 2085 sanctarum
1522 2020 1779 2084 inscitia
1820 2019 2067 2105 legum:

414 2137 423 2152 ν
453 2099 523 2165 Si
552 2104 723 2167 mala
752 2103 941 2167 condi
984 2105 1106 2167 erit
1148 2105 1218 2169 in
1261 2125 1450 2187 quem
1493 2105 1635 2188 quis
1665 2104 1977 2188 carmina,
2020 2104 2121 2167 ius
2162 2108 2267 2169 est

451 2183 936 2270 Iudiciumque?
1000 2187 1184 2251 ‘Esto
1196 2236 1216 2271 ,
1248 2188 1448 2271 siquis
1476 2189 1673 2272 mala3
1719 2187 1831 2252 sed
1858 2189 2031 2253 bona
2060 2187 2262 2272 siquis

452 2267 669 2333 Iudice
714 2269 1069 2334 condiderit
1111 2270 1408 2336 laudatus
1453 2271 1765 2337 Caesare?
1821 2273 2019 2356 siquis

326 2364 391 2415 85
459 2351 559 2436 Op
604 2353 836 2417 robriis
881 2354 1147 2439 dignum
1189 2355 1548 2440 latraverit,
1592 2356 1844 2441 integer
1883 2357 2019 2454 ipse
2029 2356 2089 2420 ’θ’

455 2434 564 2501 ‘So
592 2442 820 2501 ventur
860 2439 993 2504 risu
1034 2439 1320 2524 tabulae,
1364 2443 1437 2505 tu
1478 2441 1709 2504 missus
1756 2440 2005 2504 abibis?

1236 2730 1331 2803 Π.

455 2856 631 2932 Quae
673 2860 875 2925 virtus
921 2863 987 2925 et
1029 2864 1298 2944 quanta,
1341 2860 1524 2943 boni,
1570 2860 1656 2924 sit
1695 2862 1904 2926 vivere
1947 2882 2144 2946 parvo

450 2940 621 3087 ffec
649 2964 828 3008 meus
858 2943 965 3007 hic
995 2946 1295 3026 sermost,
1337 2943 1447 3007 sed
1477 2964 1638 3027 quae
1664 2967 1892 3030 praece
1938 2946 1992 3009 it
2012 2945 2265 3013 Ofellus

476 3059 480 3063 Δ
510 3025 752 3121 usticus
765 3075 785 3110 ,
832 3027 1156 3091 abnormis
1202 3026 1457 3110 sapiens
1498 3049 1835 3114 crassaque
1863 2969 2181 3116 ffinerva)
2193 3079 2217 3115 ‚

451 3106 696 3172 Disc1te
738 3130 874 3173 non
916 3110 1085 3175 inter
1126 3111 1345 3176 lances
1386 3134 1764 3197 mensasque
1806 3115 2117 3197 nitentes,

322 3203 356 3253 5
456 3190 620 3257 Cum
664 3195 881 3277 stupet
919 3194 1165 3259 insanis
1211 3196 1377 3259 acies
1420 3197 1779 3283 fulgoribus
1824 3201 1890 3262 et
1931 3218 2075 3263 cum

452 3277 738 3342 Acclinis
781 3278 963 3342 falsis
1007 3279 1259 3343 animus
1301 3282 1567 3346 meliora
1607 3285 1888 3366 recusat,

450 3359 691 3426 Verum
733 3362 838 3426 hic
881 3363 1171 3446 inpransi
1197 3386 1448 3429 mecum
1493 3365 1842 3450 disquirite.
1915 3366 2044 3432 Cur
2084 3367 2267 3434 hoc?

451 3442 702 3528 Dicam,
750 3446 805 3509 si
846 3449 1090 3531 potero,
1166 3448 1337 3514 Male
1376 3471 1595 3514 verum
1640 3452 1961 3515 examinat
2003 3452 2218 3516 omnis
