2514 3950
314 190 512 264 xlm]
1091 188 1307 243 LIBER
1347 188 1446 245 111.
2158 182 2239 247 73

522 368 854 433 Inminens
897 368 1088 433 villae
1130 370 1243 432 tua
1285 366 1475 451 pinus
1519 367 1688 449 esto,
2208 377 2241 428 5

526 452 733 529 Quam
773 475 889 538 per
933 455 1190 518 exactos
1235 473 1270 515 e
1318 472 1356 515 o
1401 451 1603 514 laetus
1648 471 1849 515 annos

524 535 742 602 Verris
785 537 1113 621 obliquum
1153 557 1256 600 mc
1307 534 1522 599 'tantis
1566 534 1765 599 ictum

617 621 940 724 Sanguine
985 620 1236 685 donem.

1252 884 1260 889 ,
2098 804 2252 896 w*

529 999 733 1087 Caelo'
767 990 1028 1106 supsnas
1073 996 1400 1087 si!”tuleris
1442 1045 1668 1097 manus

528 1104 593 1169 N
595 1099 852 1186 ascesnte
894 1096 975 1169 L'
1040 1126 1078 1168 a
1087 1153 1106 1188 ‚
1152 1104 1392 1169 mistica
1429 1105 1728 1190 Phidyle,

623 1187 692 1253 Si
731 1182 873 1252 ture
915 1188 985 1272 pl
1025 1184 1187 1252 caris
1231 1190 1298 1251 et
1337 1187 1542 1279 horna
1652 1252 1666 1275 f

720 1268 931 1358 Fruge
973 1270 1168 1336 Larc‘s
1212 1271 1521 1355 avidaque
1563 1293 1786 1356 porca3

527 1407 666 1473 Nec
705 1407 1115 1492 pestilentem
1159 1407 1392 1471 sentiet
1432 1406 1725 1470 Africum
2214 1420 2247 1470 5

526 1490 827 1557 Fecunda
866 1491 1016 1556 vitis
1059 1512 1180 1556 nec
1225 1491 1507 1555 sterilem
1551 1511 1733 1574 seges

617 1575 1005 1660 Robiginem
1049 1578 1161 1639 aut
1203 1575 1418 1639 dulces
1463 1574 1704 1638 alumni

719 1659 1042 1724 Pomifero
1086 1681 1282 1745 grave
1323 1662 1576 1743 tempus
1621 1679 1812 1721 anno.

526 1794 699 1860 Nam
742 1816 904 1877 quae
946 1794 1145 1858 nivali
1192 1795 1475 1877 pascitur
1516 1791 1753 1877 Algido

527 1877 779 1942 Devota
820 1898 1086 1960 quercus
1129 1878 1298 1941 inter
1341 1881 1408 1940 et
1447 1876 1626 1940 ilices
1755 1936 1763 1941 ,
2187 1890 2251 1938 10

620 1961 755 2025 Aut
798 1961 1028 2025 crescit
1066 1960 1340 2024 Albanis
1384 1960 1455 2024 in
1496 1959 1710 2024 herbis

721 2043 1034 2127 Victima,
1077 2044 1451 2127 pontificum
1496 2065 1745 2108 secures

530 2178 791 2245 Cervice
833 2179 1116 2264 tinguet:
1171 2181 1237 2241 te
1279 2177 1443 2241 nihil
1488 2178 1718 2242 attinet

530 2262 868 2347 Temptare
911 2263 1114 2327 multa
1158 2262 1349 2326 caede
1392 2261 1746 2327 bidentium

621 2347 862 2412 Parvos
907 2349 1323 2411 coronantem
1364 2347 1610 2410 marino
2183 2360 2246 2411 15

722 2431 892 2495 Rore
936 2431 1088 2496 deos
1131 2430 1472 2515 stag-ilique
1515 2432 1742 2513 myrto.

528 2566 822 2630 Inmunis
866 2587 1041 2629 aram
1084 2566 1139 2629 si
1179 2565 1298 2629 teti
1351 2565 1396 2628 ‘t
1439 2585 1694 2647 manuS,v

529 2649 683 2715 Non
726 2651 1098 2733 sumptuosa
1137 2648 1291 2713 blan
1341 2649 1432 2713 'or
1472 2648 1714 2732 hostia,

622 2733 904 2797 Mollivit
945 2754 1200 2798 aversos
1243 2733 1515 2797 Penates

722 2816 916 2882 Farre
959 2819 1067 2901 pio
1113 2820 1179 2881 et
1221 2817 1489 2884 saliente
1532 2816 1716 2880 mica.
1791 2819 1848 2870 *x
2155 2830 2252 2879 ·20

1132 3088 1434 3163 xxlm.
2009 3067 2246 3208 wffi'*
2279 3045 2326 3134 Ψ

534 3220 804 3292 Intactis
848 3219 1212 3303 opulentior

627 3304 968 3368 Thesauris
1012 3303 1302 3367 Arabum
1346 3306 1412 3368 et
1455 3303 1668 3368 divitis
1713 3302 1935 3367 Indiae

537 3385 901 3452 anmentis
944 3387 1097 3451 licet
1140 3408 1411 3471 occupes
1617 3391 1620 3392 ⁷

492 3503 495 3504 ⁷
629 3470 977 3535 Terrenum
1021 3491 1210 3536 omne
1252 3472 1382 3535 tuis
1413 3476 1485 3535 ct·
1518 3494 1693 3537 mare
1735 3472 2081 3555 publicum.
