2514 3950
915 163 1488 219 PROLEGOMENA.
2014 165 2162 221 LVII

241 312 489 390 guantis
536 312 636 374 vel
681 312 882 388 potius
927 314 1200 373 mirantis
1238 313 1479 373 Horatii
1517 313 1701 372 animi
1738 313 2032 389 exprimat
2077 316 2161 373 af-

241 403 488 462 fectum.
584 395 778 460 ‘Sollte
819 419 961 461 man
1007 418 1066 461 es
1106 403 1384 475 qlaubc‘n,
1433 402 1571 462 dass
1614 403 1695 461 du
1725 404 1887 475 jenes
1930 403 2163 463 Fleisch

239 492 348 550 lieb
356 507 419 549 er
454 490 775 550 wuenschst
810 490 902 549 als
935 491 1133 567 diesoe,
1171 489 1387 549 obwohl
1423 507 1481 550 es
1515 491 1670 550 nicht
1702 492 1785 550 im
1814 490 2164 552 Gesckmack

237 578 609 638 verschieden
653 580 745 644 ist,
792 579 943 637 bloss
986 595 1177 652 weyen
1220 580 1321 639 des
1353 579 1686 653 unqleichen
1720 577 2016 639 Aeussem
2060 581 2163 640 der

251 659 520 740 Voeqezss’
570 696 656 709 -—
712 665 842 725 Iam
908 667 1220 741 sequentia
1278 667 1588 742 aptissime
1650 668 1969 726 cohaerent
2029 687 2162 727 cum

238 754 756 831 praecedentibus.
842 753 1073 831 Nempe
1118 757 1189 814 ut
1236 756 1551 815 concedam
1587 756 1717 831 hoc,
1767 755 1961 830 inquit
1997 755 2161 832 Hor„

239 861 606 919 quamquam
654 842 1125 920 subabsurdum,
1172 862 1442 919 quanam
1485 844 1607 902 iam
1650 843 1721 903 fit
1764 847 1874 902 tua
1917 844 2161 919 ineptia,

240 935 309 990 ut
355 931 419 990 in
461 931 678 1006 pretiis
731 931 985 1006 piscium
1041 931 1307 992 eiusdem
1360 932 1539 1007 plane
1593 932 1830 1007 generis
1886 933 2161 991 taxandis

242 1021 375 1078 loca
419 1019 577 1077 unde
622 1019 874 1078 veniunt
920 1020 1093 1078 anxie
1139 1020 1505 1096 distinguaS,
1567 1020 1682 1080 etsi
1726 1019 1969 1081 minime
2009 1021 2164 1079 haee

241 1106 475 1165 faciunt
522 1106 599 1165 ad
646 1124 748 1166 eos
805 1105 1174 1180 pulchriores
1227 1108 1625 1183 melioresque
1679 1108 2029 1168 reddendos,
2076 1139 2161 1149 —

245 1193 529 1254 Ceterum
592 1194 701 1253 hac
762 1196 950 1268 mayis
1002 1195 1168 1253 illam
1225 1212 1304 1253 an
1356 1195 1506 1254 hanc
1556 1198 1746 1269 mayis
1797 1197 1906 1255 illa
1959 1191 2162 1270 p6tius

245 1282 625 1344 scribendum
671 1281 972 1341 existimes
1016 1282 1169 1340 nihil
1214 1283 1421 1341 refert.

376 1371 507 1430 Iam
561 1370 722 1446 quod
774 1371 852 1430 ad
908 1371 1163 1430 alteram
1220 1370 1537 1431 lectionem
1581 1370 1874 1446 pertinet,
1929 1370 1992 1428 in
2047 1389 2166 1446 qua

243 1458 593 1536 explicanda
648 1459 846 1518 oleum
900 1462 961 1519 et
1016 1477 1259 1535 operam
1312 1459 1630 1535 perdidere
1686 1460 1871 1533 docti,
1925 1459 2166 1519 videtur

244 1566 377 1608 esse
442 1567 513 1607 ex
576 1548 966 1623 glossemate,
1041 1549 1200 1624 quod
1263 1548 1340 1607 ad
1401 1548 1763 1608 infinitivum
1827 1547 2165 1607 adhibitum

244 1636 420 1697 modo
466 1653 585 1695 non
631 1636 872 1712 vulgari
917 1636 1285 1713 adscriptum
1332 1639 1464 1696 erat
1508 1637 1659 1695 illud
1693 1641 1873 1710 patet.
1951 1635 2165 1702 Quam-

244 1742 425 1801 quam
471 1724 671 1800 potuit
723 1724 907 1783 etiam
960 1725 1118 1802 fieri,
1174 1724 1397 1785 omissa
1439 1726 1632 1785 vocali
1676 1724 1892 1783 ultima
1937 1726 2008 1782 ut
2044 1742 2166 1784 cor-

245 1815 624 1887 rumperetur
668 1812 732 1871 in
766 1817 933 1886 patet
974 1811 1037 1871 id
1084 1813 1244 1889 quod
1289 1816 1383 1872 est
1416 1818 1627 1887 petere.
1700 1812 1828 1872 Nec
1871 1831 1992 1871 non
2034 1820 2199 1872 con-⁴

245 1901 510 1977 ferenda,
557 1918 709 1977 quae
757 1899 877 1959 dixi
923 1919 1105 1975 supra
1148 1920 1293 1978 pgg.
1330 1920 1436 1967 xn,
1474 1920 1602 1960 x111.
1683 1901 1918 1960 Mutato
1964 1903 2167 1960 autem

247 1988 540 2047 infinitivo
597 1989 781 2046 etiam
836 1981 1057 2046 ‘illam'
1117 1988 1180 2046 in
1241 1989 1573 2076 ablatiyum
1633 1989 1867 2063 diffingi
1923 2007 2167 2049 necesse

250 2078 400 2135 erat.
438 2106 523 2115 —
571 2074 699 2134 Oet.
744 2074 1002 2135 videnda
1046 2093 1200 2151 quae
1245 2075 1501 2134 disserui
1544 2076 1681 2135 lect.
1717 2075 1863 2134 Hor.
1905 2078 1939 2134 7
1945 2078 2052 2135 06.

387 2165 453 2241 2,
502 2164 587 2223 84
632 2165 801 2223 ubive
844 2166 1008 2223 recte
1051 2163 1131 2237 B,
1175 2166 1385 2237 ubique
1428 2184 1486 2227 v.

389 2252 455 2328 2,
507 2253 631 2312 123
681 2269 831 2326 cupa
877 2250 1087 2320 Grato,
1135 2253 1473 2330 Bentleius,
1518 2252 1590 2311 ut
1634 2253 1781 2328 puto
1826 2269 1985 2311 vere.

338 2359 455 2416 =11,
504 2342 571 2417 3,
624 2344 655 2398 1
715 2343 769 2400 si
821 2358 963 2401 raro
1017 2343 1250 2409 scribis‘,
1304 2346 1370 2400 ut
1422 2346 1532 2401 toto
1586 2358 1704 2400 non
1748 2345 1951 2414 quater
1996 2357 2167 2400 amm.

253 2428 586 2488 Meinekius
651 2447 786 2487 cum
848 2446 969 2488 non
1025 2448 1202 2505 posse
1254 2429 1404 2489 ferri
1456 2429 1608 2488 illud
1662 2422 1919 2489 ‘scribis'
1977 2427 2166 2488 Lach-

251 2534 469 2576 manno
526 2514 617 2591 [in
657 2516 845 2576 Lucr.
888 2536 948 2592 p.
997 2515 1107 2592 77]
1173 2518 1463 2577 adsensus
1523 2520 1711 2591 esset,
1775 2516 1852 2575 ad
1909 2519 2168 2576 metrum

251 2604 623 2664 fulciendum
677 2604 909 2664 addidit
956 2598 1070 2664 ‘tu'
1118 2605 1364 2665 elisione
1410 2606 1628 2683 longae
1672 2605 1737 2663 in
1780 2606 1964 2665 tertia
2011 2605 2169 2664 thesi

254 2692 576 2752 durissima
639 2710 709 2753 ac
772 2693 871 2752 vel
928 2692 990 2754 in
1049 2695 1276 2753 saturis
1334 2693 1660 2754 rarissima.
1760 2692 2056 2767 Equidem
2117 2693 2169 2751 si

253 2782 410 2840 hunc
448 2782 652 2840 locum·
683 2783 1032 2856 corruptum
1068 2799 1198 2842 esse
1236 2784 1581 2854 statuerem,
1620 2780 2000 2841 scribendum
2036 2798 2168 2839 esse

253 2868 660 2928 existimarem
695 2869 949 2929 traiecto
985 2888 1103 2930 uno
1140 2871 1431 2932 vocabulo
1468 2871 1558 2928 ita
1585 2862 1738 2929 ‘toto
1774 2887 1896 2927 non
1930 2872 2001 2927 ut
2029 2887 2170 2944 qua-

251 2961 346 3016 ter
397 2951 592 3018 anno’.
676 2956 792 3015 Sed
836 2957 986 3016 nihil
1033 2977 1200 3034 opus.
1271 2957 1550 3017 Videnda
1590 2974 1743 3032 quae
1782 2956 2170 3016 disseruimus

256 3046 309 3105 d.
346 3065 394 3103 r.
433 3066 513 3106 m.
558 3064 658 3121 pg.
703 3047 849 3105 331.
946 3045 1105 3104 Nam
1149 3045 1437 3105 Horatius
1494 3064 1628 3106 cum
1672 3045 1918 3105 tertiam
1961 3063 2169 3120 perso-

253 3151 396 3191 nam
445 3133 621 3192 indie.
667 3150 861 3208 praes.
909 3134 1344 3210 coniugationis
1398 3134 1616 3194 tertiae
1660 3134 2011 3208 produxerit
2056 3131 2168 3191 sub

254 3221 531 3296 legitima
583 3222 760 3281 venia
815 3223 885 3281 ut
933 3225 1083 3297 puta
1129 3216 1206 3282 ‘si
1247 3221 1379 3298 figit
1426 3215 1861 3282 adamantinos'
1908 3221 2007 3281 vel
2054 3214 2172 3280 ‘ex-

257 3309 459 3367 clusus
512 3309 619 3385 qui
672 3307 901 3370 distat?
955 3310 1086 3386 agit
1136 3310 1243 3369 ubi
1298 3329 1523 3390 seeum,
1579 3312 1679 3370 eat
1732 3326 1810 3368 an
1855 3302 2014 3384 non',
2069 3326 2174 3368 cur

255 3414 379 3455 non
422 3397 487 3453 in
532 3398 788 3457 secunda
834 3399 1084 3458 eandem
1129 3398 1444 3459 adhiberet
1487 3395 1871 3458 libertatem?
