2514 3950
301 126 307 132 ’
403 159 483 224 18
1153 170 1546 228 CARMJNVM

462 378 475 385 -
569 325 695 392 Hic
738 329 950 394 vivum
990 332 1151 397 mihi
1195 334 1526 418 cespitem,
1571 335 1675 401 hic

653 411 979 479 Verbenas
991 466 1010 501 ,
1054 417 1265 500 pueri,
1309 419 1528 501 ponite
1569 422 1836 505 turaque

402 505 466 555 15
567 494 739 560 Bimi
782 519 926 563 cum
966 503 1191 583 patera
1230 502 1417 566 meri:

650 579 933 646 Mactata
972 584 1188 648 veniet
1229 585 1435 649 lenior
1477 587 1706 652 hostia.

1278 858 1434 932 XX.

564 980 710 1046 Vile
751 985 1004 1066 potabis
1046 987 1315 1052 modicis
1359 988 1664 1055 Sabinum

569 1064 936 1152 Cantharis,
983 1069 1227 1137 Graeca
1269 1073 1438 1156 quod
1482 1096 1517 1138 e
1564 1097 1602 1139 o
1647 1076 1783 1158 ipse
1825 1079 1998 1140 testa

568 1148 913 1217 Conditum
954 1153 1108 1239 levi,
1156 1156 1340 1221 datus
1381 1157 1453 1221 in
1570 1162 1744 1222 eatro

648 1233 810 1301 Cum
852 1237 973 1301 tibi
1014 1240 1305 1322 plauSUS‚

391 1379 425 1427 5
563 1366 749 1433 Clare
791 1369 1130 1435 Maecenas
1174 1394 1398 1458 eques,
1445 1378 1519 1439 ut
1557 1377 1806 1460 paterni

547 1451 873 1517 Fluminis
916 1454 1094 1537 ripae
1139 1456 1329 1521 simul
1363 1460 1434 1522 et
1475 1459 1692 1527 iocosa

561 1534 879 1600 Redderet
919 1538 1139 1603 laudes
1183 1540 1304 1604 tibi
1346 1541 1645 1607 Vaticani

645 1619 884 1684 Montis
928 1621 1160 1707 image.

564 1752 929 1818 Caecubum
973 1759 1038 1820 et
1078 1758 1256 1841 prelo
1304 1759 1610 1824 domitam
1656 1759 1895 1827 Caleno

386 1848 458 1897 10
563 1835 727 1900 Tum
767 1838 947 1902 bibes
989 1862 1207 1906 uvam:
1251 1864 1395 1907 mea
1436 1865 1555 1909 nec
1596 1844 1904 1910 Falernae

559 1919 944 2006 Temperant
985 1925 1146 1991 vites
1188 1947 1395 2012 neque
1437 1928 1764 1995 Formiani

530 2079 533 2082 Α
640 2005 880 2072 Pocula
924 2010 1140 2075 colles.

1246 2282 1439 2356 XXI.

552 2406 832 2470 Dianam
871 2409 1126 2474 tenerae
1171 2411 1360 2478 dicite
1402 2414 1708 2500 virginee,

553 2488 891 2555 Intonsum
904 2541 921 2575 ,
966 2495 1175 2580 pueri,
1221 2497 1411 2562 dicite
1456 2497 1804 2583 Cynthium

637 2573 1074 2659 Latonamque
1117 2600 1409 2664 supremo
1595 2663 1599 2667 ι

727 2657 1045 2725 Dilectam
1086 2665 1342 2746 penitus
1385 2665 1542 2730 Iovi.

365 2805 414 2853 -75
548 2791 683 2858 Vos
727 2795 962 2859 laetam
1004 2796 1214 2861 fluviis
1260 2800 1325 2865 et
1364 2819 1696 2862 nemorum
1741 2820 1948 2884 coma,

553 2876 999 2964 Quaecumque
1044 2883 1158 2944 aut
1197 2879 1411 2965 gelido
1454 2882 1777 2964 prominet
1816 2884 2054 2967 Algido
2073 2942 2097 2975 ,

632 2960 697 3026 N
698 2962 721 3023 i
806 2962 855 3026 ‘s
899 2966 1010 3026 aut
1048 2964 1432 3047 Erymanthi

772 3045 918 3109 ilvis
962 3050 1074 3110 aut
1117 3047 1337 3112 viridis
1384 3046 1606 3133 Cragi3

547 3176 683 3242 Vos
726 3178 964 3262 Tempe
1005 3179 1275 3245 totidem
1315 3181 1522 3247 tollite
1564 3184 1853 3248 laudibus

381 3272 445 3321 10
550 3261 615 3327 N
618 3262 1007 3347 atalemque,
1050 3285 1289 3350 maresa,
1333 3264 1545 3331 Delon
1587 3267 1941 3355 ApolliniS,

628 3344 1082 3432 Insignemque
1121 3348 1422 3433 pharetra

722 3428 1152 3516 Fraternaque
1225 3456 1515 3502 umerum
1575 3436 1731 3519 lyra.

2082 177 2323 250 [xvnn.
