2514 3950
275 174 421 247 nu]
546 216 557 227 .

1134 173 1365 230 LIBER.
1498 258 1505 265 .

1148 372 1312 446 [ΠΙ.

485 504 583 569 Lu
626 505 681 569 is
726 507 790 569 et
832 504 1016 589 agnis
1103 506 1298 567 uanta
1341 503 1566 568 sortito
1612 503 1873 590 obtigit,

580 528 816 654 penum
859 587 1020 652 mihi
1112 588 1472 669 ‘scordiast,

485 673 803 739 Hibericis
845 674 1101 757 peruste
1143 672 1404 738 funibus
1449 674 1616 738 latus

577 757 667 822 Et
709 778 892 823 crura
936 757 1093 821 dura
1137 756 1460 842 compede.

483 841 663 906 Licet
705 840 1013 926 superbus
1058 841 1345 906 ambules
1387 841 1688 926 pecunia,

577 925 864 990 Fortuna
904 946 1039 989 non
1080 929 1288 989 mutat
1328 947 1550 1010 genus,

483 1007 798 1091 Videsne,
845 1007 1104 1072 Sacram
1144 1009 1448 1072 metiente
1490 1013 1555 1074 te
1596 1010 1783 1074 Viam

582 1091 745 1155 Cum
787 1091 889 1154 bis
930 1091 1126 1155 trium
1166 1092 1463 1155 ulnarum
1503 1096 1688 1176 toga,
1774 1148 1781 1157 .

487 1173 579 1238 Vt
621 1195 734 1238 ora
751 1216 755 1219 Δ
775 1175 981 1238 vertat
1022 1172 1148 1238 hue
1191 1176 1254 1237 et
1296 1174 1421 1239 hue
1465 1177 1749 1239 euntium

581 1257 934 1323 Liberrima
974 1257 1379 1343 indignatio?

491 1341 738 1408 ‘Seetus
781 1341 1052 1439 flagellis
1095 1341 1202 1407 hie
1243 1343 1743 1408 triumviralibus

577 1426 920 1491 Praeeoms
965 1425 1046 1490 ad
1088 1427 1418 1492 fastidium

485 1511 650 1575 Arat
692 1511 947 1576 Falerni
988 1511 1163 1576 mille
1206 1511 1390 1576 fundi
1433 1513 1683 1599 iugera,

577 1595 667 1660 Et
707 1595 988 1680 Appiam
1029 1597 1286 1660 mannis
1328 1597 1506 1680 terit,

484 1679 924 1763 Sedilibusque
967 1702 1239 1766 magnus
1284 1681 1353 1745 in
1393 1683 1616 1766 primis
1662 1703 1853 1766 eques

579 1762 833 1829 Othone
879 1767 1244 1850 contempto
1291 1764 1486 1830 sedet.

485 1847 652 1923 Quid
696 1848 929 1911 attinet
969 1850 1070 1910 tot
1112 1869 1225 1912 ora
1266 1850 1525 1912 navium
1567 1851 1746 1935 gravi

577 1930 882 1994 Rostrata
924 1929 1070 1994 duci
1110 1931 1392 2013 pondere

485 2013 728 2079 Contra
768 2014 1050 2077 latrones
1094 2016 1283 2098 atque
1324 2015 1617 2078 servilem
1658 2037 1947 2100 manum,

579 2096 751 2180 Hoc,
794 2097 919 2162 hoe
960 2097 1219 2163 tribuno
1264 2097 1609 2163 militum?’

1184 2388 1274 2463 V.

484 2520 604 2583 ‘At
645 2540 684 2583 o
728 2519 990 2584 deorum
1034 2518 1337 2604 quidquid
1380 2521 1449 2585 in
1493 2522 1668 2587 eaelo
1710 2522 1879 2608 regit

580 2607 801 2667 Terras
846 2607 912 2668 et
951 2602 1299 2669 humanum
1349 2625 1582 2690 genus,

484 2686 652 2762 Quid
696 2687 818 2752 iste
859 2688 986 2752 fert
1025 2689 1333 2755 tumultus
1379 2692 1444 2754 et
1486 2690 1637 2774 quid
1681 2693 1966 2755 omnium

576 2770 810 2842 Voltus
852 2772 923 2836 in
964 2794 1163 2837 unum
1204 2795 1308 2837 me
1346 2773 1603 2838 truces?

483 2854 608 2920 Per
649 2855 884 2920 liberos
926 2858 1021 2941 te,
1066 2858 1123 2922 si
1163 2860 1391 2922 vocata
1432 2857 1737 2941 partubus

575 2938 820 3004 Lucina
861 2940 1028 3005 veris
1073 2942 1253 3005 affuit
1263 2990 1282 3024 ‚

480 3021 606 3087 Per
647 3021 770 3088 hoc
812 3024 1002 3089 inane
1046 3046 1361 3109 purpurae
1406 3024 1595 3090 decus
1637 3044 1890 3113 precor,

574 3106 700 3172 Per
740 3107 1226 3191 inprobaturum
1269 3109 1426 3175 haec
1463 3109 1708 3195 Iovem,

484 3190 651 3266 Quid
692 3194 765 3255 ut
804 3213 1079 3257 noverea
1119 3215 1221 3258 me
1264 3194 1531 3260 intueris
1576 3198 1687 3261 aut
1727 3198 1822 3261 uti

575 3275 787 3340 Petita
827 3277 996 3341 ferro
1041 3277 1298 3342 belua?'
1537 3322 1542 3326 -

486 3354 577 3423 Vt
616 3358 774 3425 haee
815 3362 1113 3427 trementi
1157 3366 1414 3447 questus
1459 3386 1569 3430 ore
1614 3367 1902 3432 constitit

576 3440 943 3529 Insignibus
988 3448 1189 3532 raptis
1230 3470 1416 3534 puer,

2082 167 2202 234 109

2139 1275 2201 1323 10

2138 1695 2199 1743 15

2134 2116 2200 2164 20

2135 3295 2198 3344 10
