2514 3950
312 167 392 233 76

311 348 342 397 5

318 819 382 869 10

321 1289 382 1338 15

318 1760 387 1810 20

324 3086 388 3135 10

1069 170 1464 229 CARMINVM
1938 236 1943 241 ,
2051 169 2234 243 [XXV.

514 337 865 401 Aeternum
907 335 1222 400 meditans
1268 335 1457 399 decus

593 420 808 485 stellis
852 419 1130 484 inserere
1173 421 1238 484 et
1281 418 1549 483 concilio
1593 416 1812 482 Iovis?

508 503 736 569 Dicam
778 503 1062 588 insigne,
1105 523 1328 568 recens
1404 501 1609 566 adhuc

590 587 913 652 Indictum
956 608 1065 652 ore
1108 587 1253 652 alio.
1327 551 1481 652 lVon
1524 606 1704 651 secus
1748 586 1818 649 in
1860 585 2029 672 iugis

509 722 754 787 Edonis
799 724 1014 806 stupet
1053 720 1295 786 Euhias
1307 770 1326 805 ,

590 805 879 871 Hebrum
920 826 1070 890 pros
1117 806 1317 870 iciens
1362 807 1428 868 et
1467 805 1615 869 nive
1660 803 1992 868 candidam

511 890 801 954 Thracen
844 911 919 955 ac
959 911 1040 973 pe
1086 910 1121 952 e
1163 889 1435 954 barbaro

595 973 957 1038 Lustratam
997 973 1385 1056 Rhodopen,
1436 976 1511 1036 ut
1552 971 1711 1035 mihi
1754 971 1937 1035 devio

511 1107 595 1173 Ri
640 1130 710 1173 as
756 1111 821 1173 et
862 1130 1132 1173 vacuum
1174 1128 1399 1171 nemus
1435 1138 1438 1141 *

594 1131 820 1256 illiniri
861 1193 1036 1257 libet.
1127 1191 1181 1256 O
1223 1190 1542 1258 Naiadum
1586 1193 1825 1274 potens'

512 1276 1031 1360 Baccharumque
1073 1275 1421 1340 valentium

598 1360 902 1425 Proceras
944 1359 1238 1424 manibus
1283 1362 1527 1424 vertere
1575 1358 1859 1422 fraxinos
1870 1359 1907 1442 ,¹

514 1493 628 1560 Nil
670 1516 937 1578 parvum
980 1497 1090 1560 aut
1130 1493 1359 1558 humili
1399 1493 1620 1576 modo,

599 1577 714 1644 Nil
753 1579 1023 1643 mortale
1067 1579 1309 1662 loquar.
1380 1576 1584 1642 Dulce
1628 1576 2074 1662 periculumst,

518 1661 572 1726 O
616 1660 894 1746 Lenaee,
942 1663 1120 1746 sequi
1163 1663 1351 1727 deum

606 1745 986 1832 Cingentem
1029 1747 1215 1812 viridi
1257 1752 1547 1832 tempora
1589 1743 1911 1829 pampino.

517 2183 938 2323 Vinflluesllis
980 2210 1186 2313 nuper
1225 2198 1491 2310 ido'neus

517 2302 607 2367 Et
647 2298 917 2369 mditavi
957 2300 1092 2367 non
1135 2320 1273 2364 sme
1314 2285 1556 2381 glona3

601 2386 794 2454 Nunc
832 2408 1008 2452 arma
1050 2382 1419 2447 defunctum
1462 2401 1541 2443 ue
1583 2380 1753 2445 bello

679 2471 992 2536 Barbiton
1031 2467 1138 2531 hic
1178 2463 1387 2548 paries
1477 2463 1721 2547 abebit,

1896 2109 2151 2243 &haam

522 2605 802 2671 Laevum
844 2601 1122 2668 marinae
1166 2598 1275 2681 qui
1316 2596 1586 2664 Veneris
1630 2600 1798 2665 latus

519 2688 829 2756 Custodit.
915 2684 1069 2767 Hic,
1112 2681 1219 2745 hic
1260 2682 1482 2765 ponite
1525 2684 1734 2749 lucida

600 2770 870 2836 Funalia
913 2769 978 2832 et
1018 2768 1228 2830 vectes
1276 2768 1340 2829 et
1382 2788 1564 2832 arcus

681 2851 1010 2938 Oppositis
1051 2849 1299 2913 foribus
1342 2851 1643 2917 minaces.

519 2990 573 3055 O
619 3008 777 3070 quae
820 2986 1073 3049 beatam
1117 2983 1263 3049 diva
1304 2989 1483 3051 tenes
1529 2986 1808 3071 Cyprum
1853 2987 1917 3048 et

522 3069 855 3153 Memphin
899 3070 1219 3133 carentem
1264 3067 1558 3135 Sithonia
1598 3070 1775 3152 nive,

601 3153 695 3217 Re
748 3153 762 3165 ⁶
812 3174 852 3215 a
861 3200 880 3235 ‚
925 3153 1184 3217 sublimi
1224 3154 1481 3240 flagello

735 3258 900 3321 ange
945 3235 1189 3303 Chloen
1233 3239 1432 3302 semel
1473 3239 1894 3321 arrogantem.
