2514 3950
222 176 384 249 vm]
1003 175 1219 230 mmm
1259 175 1304 234 1.
2021 171 2138 236 147

1069 372 1267 448 VIII.

221 506 384 572 Olim
425 508 692 571 truncus
738 526 912 570 eram
953 506 1257 589 ficulnus,
1302 505 1529 571 inutile
1572 505 1846 591 lignum,

220 590 375 657 Cum
402 591 613 674 faber,
657 591 938 655 incertus
967 610 1299 655 scamnum
1333 590 1654 655 faceretne
1681 590 1981 675 Priapum
1994 640 2012 675 ‚

217 675 441 740 Maluit
462 696 598 740 esse
628 674 834 739 deum.
886 674 1063 739 Deus
1090 674 1243 739 inde
1262 697 1297 740 e
1345 696 1404 758 0,
1435 675 1648 740 furum
1678 676 2013 760 aviumque

216 759 489 824 Maxima
530 759 840 824 formido:
885 781 1036 824 nam
1078 759 1250 824 fures
1341 762 1518 824 extra
1561 760 1856 825 cohercet

216 842 666 927 Obscaenoque
707 844 899 908 ruber
940 847 1270 927 porrectus
1313 844 1393 908 ab
1434 844 1701 930 inguine
1743 845 1956 929 palus,
2104 855 2138 905 5

213 929 333 992 Ast
373 929 752 1012 inportunas
794 928 1085 992 volucres
1127 929 1199 992 in
1239 928 1477 993 vertice
1520 928 1763 993 arundo

215 1012 431 1076 Terret
471 1012 600 1075 fixa
640 1014 938 1093 vetatque
979 1012 1163 1075 novis
1210 1010 1536 1076 considere
1579 1013 1650 1077 in
1690 1012 1916 1078 hortis.

214 1095 355 1159 Huc
402 1095 581 1178 prius
624 1094 917 1177 angustis
961 1094 1163 1158 eiecta
1207 1094 1516 1159 cadavera
1558 1096 1733 1160 cellis

215 1177 572 1243 Conservus
614 1177 727 1241 vili
770 1176 1086 1260 portanda
1129 1178 1386 1241 locabat
1423 1179 1496 1242 in
1538 1200 1720 1260 arca3

212 1261 352 1326 Hoc
394 1262 663 1326 miserae
703 1261 878 1346 plebi
921 1262 1133 1325 stabat
1174 1282 1511 1328 commune
1554 1264 1942 1349 sepulcrum;
2073 1277 2138 1328 10

211 1346 567 1412 Pantolabo
612 1367 865 1411 scurrae
906 1345 1445 1430 Nomentanoque
1486 1349 1729 1432 nepoti.

211 1430 390 1496 Mille
431 1430 623 1514 pedes
665 1430 738 1494 in
778 1430 1019 1514 fronte,
1063 1434 1384 1496 trecentos
1429 1432 1653 1517 cippus
1686 1433 1757 1497 in
1786 1453 2012 1517 agrum

210 1515 333 1579 Hic
378 1514 599 1598 dabat,
643 1514 907 1580 heredes
948 1518 1436 1580 monumentum
1478 1538 1560 1581 ne
1605 1520 1989 1601 sequeretur.

208 1599 397 1664 Nunc
440 1599 590 1664 licet
631 1599 939 1697 Esquiliis
983 1599 1273 1665 habitare
1320 1601 1678 1667 salubribus
1723 1605 1913 1685 atque

208 1684 465 1781 Aggere
507 1684 578 1748 in
621 1705 837 1767 apnco
883 1685 1171 1768 spatiari,
1217 1706 1342 1769 quo
1387 1686 1577 1750 modo
1621 1686 1839 1751 tristes
2074 1698 2137 1748 15

207 1769 392 1832 Albls
436 1768 777 1835 informem
821 1769 1199 1851 spectabant
1239 1770 1491 1834 ossibus
1537 1792 1791 1856 agrum3

207 1851 371 1918 Cum
414 1851 574 1915 mihi
614 1873 749 1915 non
790 1854 1044 1916 tantum
1085 1853 1383 1935 furesque
1424 1853 1597 1917 ferae
1643 1875 1722 1917 ue
1766 1857 1982 1920 suetae

206 1935 399 2001 Hunc
441 1955 668 2000 vexare
710 1934 923 1999 locum
967 1956 1154 2000 curae
1198 1939 1349 2000 sunt
1392 1938 1581 2020 atque
1650 1937 1859 2020 abori,

209 2019 536 2095 Quantum
581 2019 968 2084 carminibus
1012 2041 1174 2103 quae
1216 2024 1477 2085 versant
1518 2023 1707 2105 atque
1748 2022 2009 2087 venenis

206 2102 544 2167 Humanos
589 2103 857 2167 animos.
944 2103 1081 2168 Has
1124 2104 1304 2168 nullo
1347 2105 1610 2189 perdere
1652 2124 1914 2189 possum
2069 2120 2139 2170 20

204 2186 346 2252 Nec
375 2185 712 2271 prohibere
740 2186 965 2271 modo,
1012 2189 1201 2254 simul
1229 2210 1304 2254 ac
1334 2211 1376 2254 v
1461 2212 1503 2253 a
1528 2190 1683 2255 luna
1712 2190 2009 2254 decorum

202 2271 484 2336 Protulit
518 2293 621 2356 os,
665 2273 822 2356 quin
848 2293 996 2337 ossa
1037 2274 1262 2359 legant
1301 2274 1416 2338 her
1461 2296 1656 2358 asque
1683 2278 2007 2340 nocentes,

202 2355 358 2421 Vidi
403 2360 659 2441 egomet
698 2358 888 2442 nigra
930 2359 1317 2423 succinctam
1359 2359 1590 2423 vadere
1632 2360 1807 2442 palla

204 2440 544 2506 Canidiam
587 2441 855 2524 pedibus
897 2442 1087 2506 nudis
1130 2462 1446 2525 passoque
1490 2442 1753 2527 capi110,

203 2523 372 2589 Cum
417 2523 460 2589 S
714 2526 956 2589 maiore
998 2526 1386 2592 ululantem:
1477 2527 1640 2591 allor
1681 2530 1984 2612 utrasque
2069 2540 2136 2593 25

199 2607 473 2673 Fecerat
559 2608 861 2674 orrendas
905 2609 1224 2707 adspectu.
1316 2549 1473 2677 Soaf
1508 2633 1612 2676 ere
1653 2614 1892 2676 terram

198 2692 547 2777 Vnguibus
592 2695 657 2758 et
699 2694 942 2777 pullam
986 2696 1281 2761 divellere
1324 2718 1465 2761 mor
1515 2698 1643 2761 'cus
1688 2718 1926 2780 agnam

200 2776 602 2862 Coeperunt3
650 2799 835 2843 cruor
875 2780 946 2843 in
988 2779 1229 2845 fossam
1274 2781 1609 2864 confusus,
1654 2781 1728 2844 ut
1769 2779 1919 2844 inde

192 2861 431 2927 Manes
476 2862 779 2927 elicerent
821 2863 1066 2928 animas
1108 2885 1420 2947 responsa
1463 2863 1741 2928 daturas.

192 2946 418 3012 Lanea
459 2948 524 3011 et
566 2947 814 3032 effigies
860 2952 1024 3031 erat,
1070 2949 1271 3012 altera
1315 2968 1494 3012 cerea
1510 2972 1544 3012 :-
1569 2948 1775 3014 maior
2068 2960 2140 3013 30

193 3030 448 3114 Lanea,
494 3052 652 3114 quae
696 3032 922 3128 poenis
967 3033 1378 3115 conpesceret
1418 3032 1810 3118 inferiorem3

196 3112 406 3178 Cerea
447 3115 820 3200 suppliciter
864 3115 1092 3198 stabat,
1115 3116 1448 3181 servilibus
1489 3119 1563 3182 ut
1605 3139 1767 3202 quae

193 3197 345 3261 Iam
372 3200 651 3281 peritura
671 3200 898 3265 modis.
958 3199 1250 3266 Hecaten
1277 3205 1465 3266 vocat
1492 3203 1722 3286 altera,
1755 3223 2008 3269 saevam

192 3281 432 3346 Altera
475 3283 899 3370 Tisiphonen:
945 3289 1274 3370 serpentes
1318 3289 1508 3370 atque
1551 3286 1799 3351 videres

192 3365 498 3430 Infernas
543 3388 748 3434 errare
793 3392 981 3434 canes
995 3419 1014 3453 ‚
1060 3370 1404 3455 lunamque
1446 3372 1812 3455 rubentem,
2067 3386 2133 3435 35

188 3449 303 3518 Ne
348 3450 518 3516 foret
556 3450 659 3517 his
699 3455 911 3540 testis,
954 3458 1104 3542 post
1145 3477 1383 3542 magna
1426 3456 1622 3521 latere
1665 3457 1971 3540 sepulcra.

612 3595 617 3601 ·
1713 3563 1778 3612 10
1791 3559 1822 3593 *
