2514 3950
935 167 1502 237 PROLEGOMENA.
1971 168 2181 225 xxvn

261 318 459 379 studio
512 319 832 394 abreptum
893 336 1004 394 pro
1065 318 1152 378 eis
1206 336 1361 394 quae
1416 318 1579 394 apud
1633 317 2038 394 Bacchyliden
2091 319 2181 377 in-

259 409 511 469 venerat
553 407 751 466 minus
797 425 1062 483 congrua
1107 406 1495 467 substituisse
1538 407 1797 468 nomina.

394 515 443 570 1,
493 498 604 568 16,
651 497 689 555 8
737 497 792 555 si
834 494 915 572 B,
960 495 1050 568 M,
1096 495 1200 568 al.,
1253 497 1339 555 sio
1380 515 1436 555 v.

393 603 445 660 1,
493 586 604 661 20,
652 585 689 643 5
749 584 905 644 clare
949 583 1265 643 Maecenas
1308 599 1492 657 eques.
1550 582 1751 660 Vulgo
1799 599 1949 643 care.
2021 581 2180 641 Illud

261 691 337 732 ex
372 671 499 732 cod.
535 673 741 749 regiae
779 670 1084 731 societatis
1112 672 1386 732 restituit
1411 670 1481 731 B.
1536 669 1737 748 Atque
1771 671 1861 731 ita
1893 671 1961 729 in
1989 670 2183 746 Lipsii

262 761 542 837 operibus
598 780 649 836 1,
709 761 834 820 786
893 761 984 819 ed.
1030 759 1230 821 Vesal.
1285 761 1526 836 legitur.
1628 759 1912 820 Ceterum
1970 759 2181 818 similis

261 850 527 911 varietas
570 849 1055 911 membranarum
1098 849 1164 908 in
1204 849 1314 908 fflo
1367 841 1511 930 [1111‚,
1561 850 1669 922 13,
1722 845 1832 925 14]
1887 864 1992 909 nec
2035 849 2185 908 clari

258 940 512 1012 lapides,
556 938 665 998 ubi
702 941 870 997 recte
914 937 1076 997 idem
1118 937 1430 998 Bentleius
1477 940 1619 998 cari.

399 1029 508 1099 20,
563 1028 646 1086 10
705 1027 886 1099 liques
941 1025 1290 1102 Kruegerus
1343 1045 1422 1085 m.
1468 1026 1655 1086 Rhen.
1700 1043 1855 1099 xxv,
1904 1026 2058 1098 634,
2112 1027 2185 1084 ut

262 1116 410 1189 puto
456 1116 644 1187 recte3
690 1114 845 1172 bibes
887 1132 971 1188 v.3
1017 1113 1090 1171 cf.
1127 1100 1445 1173 lect.'Hor.
1487 1115 1615 1173 694
1655 1133 1741 1189 sq.

402 1203 505 1278 22,
552 1203 590 1260 2
648 1217 769 1260 non
812 1204 931 1275 eget
963 1201 1206 1260 Mauris
1247 1201 1474 1262 iaculis,
1546 1201 1786 1260 Mauris
1824 1220 1935 1276 pro
1972 1199 2186 1260 Mauri

261 1290 385 1348 iam
430 1288 776 1366 scripsimus
823 1289 1017 1349 secuti
1059 1288 1327 1349 codicum
1381 1288 1668 1348 maiorem
1722 1289 1903 1365 longe
1946 1289 2186 1364 partem

261 1381 328 1438 et
384 1378 718 1456 meliorem,
776 1376 920 1437 licet
980 1378 1176 1437 minus
1236 1376 1393 1436 illud
1446 1377 1892 1437 commendetur
1944 1377 2021 1436 ab
2083 1395 2183 1436 eu-

263 1467 503 1543 phonia.
599 1466 843 1526 Etenim
903 1466 1371 1526 homoeoteleuti
1435 1467 1771 1542 exemplum
1835 1465 2012 1542 quale
2071 1464 2187 1524 erit

260 1557 330 1614 in
383 1554 577 1614 medio
633 1574 815 1616 versu
868 1555 993 1614 tale
1037 1556 1281 1616 Mauris
1323 1556 1534 1616 iaculis
1583 1571 1828 1630 perraro
1884 1553 2183 1614 inveneris

260 1644 330 1703 in
372 1644 600 1704 melicis
646 1643 910 1716 Horatii,
965 1644 1038 1702 ut
1074 1663 1128 1716 1,
1178 1646 1246 1717 3,
1296 1645 1398 1704 18.
1486 1641 1759 1703 Videnda
1804 1643 1986 1702 etiam
2032 1660 2186 1720 quae

265 1732 575 1792 Bentleius
621 1731 935 1792 adnotavit
977 1731 1055 1789 ad
1100 1750 1147 1792 c.
1182 1749 1259 1804 11,
1300 1733 1408 1805 14,
1450 1733 1531 1792 27
1577 1734 1641 1791 et
1676 1750 1764 1807 ep.
1801 1749 1875 1806 11,
1918 1735 1979 1805 1,
2020 1733 2123 1792 85.

401 1824 504 1894 22,
556 1823 832 1881 13—16.
919 1819 1280 1897 Suspectant
1324 1820 1372 1878 P
1419 1821 1482 1879 et
1523 1819 1615 1894 M,
1661 1822 1850 1894 recte,
1894 1821 1967 1879 ut
2009 1823 2181 1896 puto;

263 1909 342 1969 cf.
378 1910 514 1968 lect.
552 1909 696 1968 Hor.
738 1910 885 1968 695.

404 2000 506 2073 23,
537 2000 593 2069 5,
626 1999 662 2055 6
703 1998 896 2069 vepris
920 2027 994 2036 —
1019 1997 1099 2055 ad
1133 2000 1365 2055 ventum
1389 1997 1441 2053 B
1472 2000 1535 2055 et
1560 1997 1641 2071 M,
1666 1996 1867 2055 nescio
1896 2015 1976 2055 an
2004 2000 2183 2056 recte.

405 2086 507 2157 25,
555 2085 640 2143 20
693 2083 863 2143 Euro
908 2100 1042 2142 cum
1087 2082 1243 2142 Aldo
1291 2083 1360 2158 B,
1406 2083 1488 2157 M,
1534 2084 1630 2157 al.,
1681 2084 1879 2142 Hebro
1923 2102 1979 2144 v.

407 2171 471 2232 O.
510 2190 551 2249 1,
602 2174 702 2245 26,
752 2173 791 2231 3
840 2190 965 2248 sqq.
1011 2174 1140 2245 quis
1182 2172 1291 2232 sub
1335 2169 1517 2231 Arcto
1559 2188 1663 2232 rex
1702 2172 1927 2246 yelidae
1968 2175 2187 2232 metua-
2306 2166 2326 2192 ⁴

264 2266 367 2322 tur
419 2278 582 2328 orae,
641 2262 782 2335 quid
839 2260 1141 2321 Tiridaten
1198 2264 1412 2321 terreat
1467 2262 1635 2321 wnice
1684 2276 1935 2321 securus.
2025 2260 2187 2320 Illud

267 2352 398 2424 quis
454 2340 589 2431 (pro
645 2353 762 2425 quo
817 2350 995 2425 pauci
1043 2349 1174 2408 cdd.
1217 2349 1442 2409 habeat
1484 2341 1613 2429 qui)
1663 2367 1784 2409 non
1835 2367 2011 2425 posse
2064 2367 2187 2409 non

264 2457 404 2498 esse
447 2438 883 2498 nominativum
926 2438 1049 2497 iam
1091 2438 1155 2497 in
1199 2456 1291 2513 pr.
1330 2438 1419 2499 ed.
1454 2438 1649 2497 indice
1692 2440 1986 2498 notatum.
2068 2436 2186 2496 Sed

268 2527 539 2587 tollenda
581 2527 920 2602 tautologia
971 2526 1369 2586 intolerabilis
1424 2526 1488 2585 in
1531 2527 1619 2587 eis
1664 2545 1816 2603 quae
1862 2529 2005 2586 sunt
2048 2528 2188 2600 quid

273 2616 578 2676 Tiridaten
621 2620 846 2675 terreat.
937 2614 1066 2674 Nec
1119 2615 1279 2674 enim
1331 2617 1625 2675 terrorem
1680 2633 1717 2674 a
1760 2615 1998 2674 Parthis
2011 2659 2025 2688 ,
2083 2615 2187 2691 qui

268 2705 539 2764 volentes
596 2722 733 2763 eum
779 2703 897 2763 sibi
940 2704 1342 2780 adsciverant,
1398 2703 1658 2763 Tiridati
1711 2703 2023 2779 iniectum,
2080 2704 2186 2761 sed

268 2793 463 2852 minas
511 2810 548 2851 a
575 2792 876 2851 Phrahate
920 2792 1227 2852 venientes
1274 2792 1711 2869 intellegendas
1758 2791 1952 2867 quivis
2002 2790 2184 2852 videt.

270 2882 354 2941 Et
397 2880 542 2956 quid
587 2881 824 2940 omnino
870 2881 949 2939 ad
982 2881 1145 2957 Hor.,
1190 2882 1492 2941 hominem
1528 2881 1879 2953 Romanum,
1922 2882 2185 2939 terrores

268 2968 521 3029 Parthi?
594 2968 984 3029 Scribendum
1029 2971 1180 3043 quod
1226 2970 1530 3030 Tiridaten
1572 2967 1815 3029 terreat!
1884 2968 2188 3027 Nimirum

265 3077 408 3118 cum
444 3058 764 3134 Tiridates,
798 3060 870 3117 ut
904 3058 1182 3132 Parthus,
1217 3058 1410 3118 hostis
1447 3060 1607 3118 esset
1640 3057 1866 3117 nomini
1901 3057 2185 3130 Romano,

270 3147 560 3207 Horatius
598 3146 736 3205 huic
770 3147 1133 3222 imprecatur
1166 3148 1345 3224 mala,
1381 3147 1597 3222 quibus
1631 3146 1765 3223 ipse
1793 3162 1995 3205 carere
2021 3145 2184 3204 velit.

270 3234 501 3294 Notum
538 3237 662 3295 tale
697 3253 886 3312 genus
925 3235 1176 3312 dicendi,
1221 3254 1337 3311 quo
1375 3235 1663 3295 Horatius
1700 3253 1844 3295 usus
1881 3252 1929 3294 c.
1964 3253 2053 3308 111,
2077 3236 2186 3306 27,

275 3323 355 3381 21
397 3342 523 3401 sqq.
563 3327 635 3383 et.
660 3325 767 3383 alii
799 3324 1044 3400 passim.
1104 3323 1389 3383 Ceterum
1422 3324 1535 3383 hoc
1569 3341 1811 3383 carmen
1842 3323 2001 3382 inter
2037 3321 2186 3380 anti-

270 3410 560 3485 quissima
605 3430 735 3472 esse
772 3412 1008 3472 Horatii
1054 3412 1193 3472 inde
1237 3413 1392 3472 bene
1429 3412 1718 3472 conclusit
1754 3412 2186 3487 Lachmannus‚
