2514 3950
388 170 567 226 LVIII
1053 167 1622 226 PROLEGOMENA.

520 340 594 399 11,
651 322 715 393 3,
774 322 884 393 11,
940 323 1020 380 12
1088 320 1376 396 Quorsum
1429 321 1714 393 pertinuit
1773 323 1992 395 stipare
2042 321 2294 384 Platona

388 409 757 470 Menandro?
826 409 1103 483 Eupozin,
1148 407 1572 481 Archilochum,
1618 410 1846 469 comites
1890 411 2122 470 eduam
2165 416 2285 471 tan-

390 500 514 560 tos?
584 494 835 557 Omnino
880 497 1035 556 illud
1074 502 1267 556 tantos
1310 513 1430 556 non
1474 498 1546 554 ut
1588 498 1772 574 vulgo
1820 498 1989 572 solet,
2036 499 2142 558 sed
2185 519 2288 574 per

389 592 469 647 iot
509 585 945 661 explicandum,
1003 585 1160 645 sicut
1210 584 1370 661 apud
1415 583 1798 660 Propertium
1850 586 2037 646 habes
2089 591 2154 646 at
2194 589 2289 648 tibi

389 693 666 736 curarum
718 676 885 734 milia
939 678 1159 747 quanta
1211 675 1384 734 dabit.
1486 671 1763 733 Cornelia
1824 674 1984 749 apud
2044 675 2289 735 eundem

388 765 461 824 de
505 763 833 823 liberorum
868 761 1052 821 turba
1084 764 1281 836 saonae
1304 764 1562 835 piynora
1599 766 1762 821 tanta
1796 779 1972 823 meae.
2044 762 2289 824 Ovidius

386 853 424 911 l.
465 851 647 911 Trist.
682 868 732 909 11
773 847 958 926 [442]
997 852 1125 924 quis
1159 852 1374 910 dubitet
1406 852 1646 910 nomina
1680 855 1846 910 tanta
1881 853 2081 925 seqwi?
2139 852 2292 912 Nam

386 958 496 999 nee
554 940 631 998 ad
688 957 816 997 rem
872 939 1020 999 facit
1075 939 1252 998 huius
1314 938 1686 1013 praestantia
1747 943 2087 1020 poetarum,
2146 959 2290 1016 quos

387 1028 562 1087 modo
608 1030 1002 1100 enumerarat,
1049 1028 1427 1100 ereticorum,
1472 1027 1577 1086 sed
1621 1027 1962 1103 multitudo,
2005 1032 2072 1088 et
2112 1029 2294 1104 pluri-

388 1135 515 1175 mos
571 1114 644 1175 de
696 1115 1038 1190 proletariis
1095 1118 1236 1175 ante
1291 1116 1643 1175 memoravit
1699 1116 1847 1191 ipse.
1935 1116 2071 1175 Huc
2114 1116 2294 1176 etiam

385 1204 648 1280 pertinet
693 1204 1062 1280 epigramma
1107 1203 1405 1263 Martialis
1452 1222 1535 1279 v1,
1584 1205 1683 1263 54.
1775 1204 1857 1263 Et
1897 1205 2121 1264 similia
2163 1223 2295 1281 pas-

391 1294 503 1353 sim
549 1292 668 1351 alii.

521 1379 676 1450 Quid
708 1379 907 1439 enim?
941 1399 1059 1441 non
1099 1380 1207 1439 et
1189 1379 1311 1455 ipsi
1341 1379 1545 1455 magni
1575 1378 1744 1438 fuere
1773 1378 2094 1455 scriptores
2123 1381 2295 1442 Plato

387 1484 449 1529 et
496 1468 821 1528 Menander
875 1467 1120 1528 comici?
1208 1468 1531 1527 Praeterea
1585 1467 1963 1542 omittentur,
2021 1470 2141 1528 nisi
2198 1489 2298 1530 no-

386 1561 577 1617 stram
612 1575 861 1632 sequere
885 1555 1463 1633 interpretationem,
1499 1554 1590 1613 illi
1617 1557 1906 1631 auctores,
1945 1576 2093 1632 quos
2130 1577 2298 1617 num-

385 1664 567 1721 quam
620 1645 880 1705 defuisse
933 1645 1171 1705 Horatii
1230 1643 1466 1703 studiis·
1505 1643 1680 1703 facile
1736 1644 1849 1704 tibi
1907 1648 2297 1723 persuaseriS‚

386 1734 708 1809 Hipponax
752 1736 815 1793 et
859 1733 1140 1793 Lueilius.

522 1824 590 1895 3,
635 1824 729 1882 43
766 1823 1022 1881 fortasse
1066 1837 1234 1894 quem
1275 1824 1594 1894 utcumque.

521 1913 580 1986 3,
618 1911 700 1970 83
737 1913 924 1971 nescio
961 1927 1042 1968 an
1067 1905 1414 1983 Anticyram
1445 1911 1600 1969 ratio
1634 1909 1754 1969 illis
1789 1911 2027 1971 demet
2058 1927 2299 1972 omnem.

384 2000 484 2059 Ita
526 2019 609 2076 v.,
662 2000 769 2059 sed
812 1999 1026 2058 melius
1083 2000 1215 2058 erat
1267 1998 1510 2058 vitando
1567 1999 1856 2075 asyndeto
1909 2018 2122 2075 parum
2175 2000 2296 2059 ele-

386 2088 558 2167 ganti
601 2089 867 2164 recipere
909 2086 973 2145 id
1017 2087 1174 2162 quod
1217 2087 1550 2147 Meinekius
1595 2087 1904 2163 proposuit
1945 2105 2048 2148 nec
2090 2091 2226 2148 scio·

523 2179 590 2252 3,
642 2178 764 2235 117
811 2177 982 2235 ubvae
1025 2175 1210 2247 idem,
1254 2177 1409 2235 made
1451 2175 1607 2235 libri.

641 2266 762 2324 163
810 2264 974 2322 reete
1019 2261 1265 2321 seclusit
1308 2262 1627 2338 HauptiuS.

640 2354 765 2411 208
814 2352 1136 2423 cerebrique
1178 2353 1342 2409 recte
1387 2349 1740 2425 Horkelius,
1784 2352 2117 2425 scelerisque
2160 2371 2217 2413 v.

638 2441 767 2499 230
814 2442 914 2513 qui
958 2456 1088 2497 maan
1130 2455 1334 2497 venere
1377 2438 1443 2496 B.
1507 2439 1648 2511 qwid
1692 2440 1853 2498 tum?
1895 2457 2095 2500 venere
2131 2459 2194 2500 v.

640 2529 765 2587 273
802 2543 984 2602 penes
1029 2529 1128 2586 te's
1173 2526 1413 2600 scripsi,
1447 2544 1629 2600 penes
1673 2531 1723 2586 te
1768 2544 1826 2586 es
1869 2547 1924 2586 v.

643 2618 768 2675 276
814 2618 880 2675 οἴνα
923 2632 1089 2688 quem
1134 2612 1197 2674 C.
1234 2614 1558 2690 Frankius,
1605 2615 1692 2692 M,
1736 2618 1801 2674 in
1843 2633 2020 2690 quam
2065 2616 2192 2675 edd.

641 2705 767 2762 294
816 2704 1083 2778 spurium
1120 2720 1252 2762 esse
1289 2703 1690 2763 demonstravi
1721 2704 1854 2763 lect.
1883 2704 2026 2763 Hor.
2060 2706 2185 2764 706
2214 2722 2304 2782 sq.

641 2793 765 2851 301
814 2809 931 2864 qua
969 2809 1059 2850 me
1092 2792 1337 2850 stultitia
1382 2792 1508 2851 edd.
1540 2791 1789 2867 Oruquii
1831 2795 2070 2867 praeter
2114 2811 2309 2852 unum

387 2899 591 2941 omnes
647 2882 710 2939 et
780 2879 1035 2938 aliorum
1097 2880 1276 2954 longe
1338 2880 1604 2956 plurimi,
1668 2900 1846 2956 quam
1905 2881 2310 2955 praetulimus

386 2970 721 3042 lectionem,
763 2969 833 3026 ut
875 2968 1172 3027 vitaretur
1214 2969 1482 3029 insuavis
1524 2971 1636 3028 hoc
1670 2969 1799 3029 loeo
1836 2969 2315 3030 homoeoteleuti

388 3075 587 3129 sonus,
634 3054 959 3114 stultitiam
1003 3059 1299 3131 quoniam.
1388 3057 1486 3116 Ita
1531 3059 1678 3134 306,
1731 3060 1766 3117 7
1816 3075 1925 3130 quo
1969 3074 2060 3117 me
2105 3076 2314 3134 acyro-

387 3150 513 3204 bwre
545 3147 720 3218 putes
764 3146 950 3203 animi
991 3146 1144 3204 vitio,

518 3251 593 3306 11,
641 3232 708 3306 4,
758 3233 839 3291 13
888 3233 1047 3293 alma
1089 3233 1169 3308 B,
1216 3233 1307 3311 M,
1351 3235 1489 3293 alba
1532 3253 1587 3293 v.

521 2221 592 2866 Pfflffiffsesesss

521 3322 588 3392 4,
640 3322 720 3379 17
767 3323 986 3393 subito‚·
1038 3322 1370 3381 notandum
1423 3320 1565 3379 Hor.
1613 3323 1683 3379 ut
1731 3320 2049 3395 plerosque
2094 3327 2321 3399 poetas

386 3408 690 3468 abstinere
736 3409 1019 3470 adverbio
1066 3414 1308 3484 repente.

2454 1980 2457 2094 l
