2514 3950
342 175 445 253 xx
1017 174 1586 231 PROLEGOMENA.

345 324 608 383 carmine
667 324 1058 399 compellatus
1122 326 1286 383 esset
1341 324 1680 400 Maecenas,
1745 324 1823 382 ad
1883 343 2062 400 quem
2121 322 2259 382 data

346 413 490 471 sunt
542 412 740 471 omnia
792 411 1033 472 Horatii
1088 411 1336 487 scripta,
1396 412 1722 472 secundum
1775 411 2117 471 dedicatum
2171 415 2261 471 est

347 498 618 577 Caesari,
665 499 768 576 qui
811 502 939 559 tum
986 500 1243 558 maxime
1287 500 1351 559 id
1394 501 1784 577 moliebatur,
1829 502 1902 558 ut
1945 500 2261 576 imperium

345 589 698 661 Romanum,
743 588 905 648 domi
948 588 1212 663 bellique
1259 606 1628 666 concussum,
1674 588 2028 648 restitueret
2070 589 2134 647 in
2177 588 2260 646 in·

224 690 225 693 ’
347 678 615 753 tegrum,
670 677 922 735 tertium
963 675 1262 752 VergiliO,
1317 678 1635 752 poetarum
1678 677 1857 736 huius
1904 677 2149 751 aetatiS,
2194 679 2262 735 ut

347 764 532 840 vulgo
578 764 1028 838 existimabant,
1074 764 1330 840 principi
1374 768 1437 823 et
1481 763 1722 824 Horatii
1766 763 2144 826 amicissimo.

478 871 522 929 1,
571 856 628 927 1,
675 854 712 911 6
762 853 940 912 evehit
981 854 1063 912 ad
1105 854 1254 913 dces.
1336 853 1532 912 Minus
1577 855 1756 927 bene,
1804 854 2135 928 euphoniae
2178 852 2262 911 le·

347 959 487 1016 gem
540 941 594 999 si
647 940 949 1016 attendas,
1009 940 1194 1000 habet
1253 940 1408 999 illud
1474 941 1632 1018 quod
1688 942 1928 1017 scripsit
1993 942 2068 1000 de
2127 959 2261 1000 con-

347 1030 580 1087 iectura
622 1028 933 1089 Bentleius
984 1030 1234 1096 evehere,
1289 1031 1361 1088 ut
1413 1030 1561 1089 alibi
1612 1031 1772 1089 idem
1820 1028 1942 1105 [m,
1992 1032 2105 1105 24,
2152 1026 2263 1104 44]

349 1118 604 1176 deserere
659 1136 770 1193 pro
830 1119 1062 1186 deserit,
1126 1135 1279 1193 quae
1345 1117 1662 1193 displicent
1720 1118 2177 1194 quadruplicata
2232 1136 2266 1175 e

346 1204 572 1263 littera.
643 1205 898 1282 Legitur
939 1206 1179 1281 quidem
1223 1206 1383 1265 infra
1418 1206 1697 1266 similiter
1737 1204 1801 1281 [1,
1842 1209 1900 1283 6,
1943 1203 2052 1281 12]
2094 1206 2267 1278 culpa

347 1295 596 1353 deterere
629 1296 840 1368 imerii,
876 1312 986 1353 nec
1020 1296 1227 1353 tamen
1260 1294 1411 1354 talia
1445 1296 1674 1353 temere
1708 1293 2022 1352 inferenda
2054 1292 2265 1367 poetis,

348 1380 440 1441 Cf.
477 1381 534 1440 d.
572 1401 621 1440 r.
657 1401 735 1439 m.
774 1383 923 1441 451.

480 1487 521 1544 1,
571 1472 628 1545 1,
678 1472 780 1545 16,
828 1473 907 1529 17
957 1472 1155 1545 oppidi
1189 1501 1277 1529 .—-
1311 1487 1494 1540 rura,·
1547 1468 1637 1528 ita
1679 1486 1722 1544 1,
1772 1472 1830 1541 7,
1880 1471 1958 1527 11
2008 1468 2269 1527 Larisae

348 1574 589 1631 campus
632 1561 875 1632 opimae.

478 1665 520 1721 1,
560 1648 617 1722 2,
655 1648 892 1705 9—12.
959 1646 1131 1706 Hanc
1168 1646 1479 1722 stropham
1512 1646 1586 1703 ut
1621 1641 1822 1703 Ovidii
1857 1645 2068 1720 magis,
2105 1644 2264 1703 unde

350 1752 424 1791 ex
464 1738 638 1809 parte
685 1735 865 1793 ducta
911 1736 1005 1793 est
1054 1732 1221 1809 [met.
1267 1753 1316 1808 1,
1366 1729 1543 1808 296],
1588 1749 1771 1807 quam
1815 1731 1959 1792 Hor.
2008 1732 2268 1792 similem

350 1820 627 1883 damnavi
670 1825 742 1881 ut
785 1821 963 1880 Mein.
1000 1825 1063 1881 et
1096 1822 1323 1881 Peerlc.

485 1913 521 1969 2
535 1955 552 1987 ,
601 1912 678 1968 21
731 1929 818 1986 sq.
876 1911 1074 1969 audiet
1127 1912 1276 1970 cives
1332 1910 1557 1968 acuisse
1599 1908 1849 1986 ferrum,
1908 1926 2019 1983 quo
2059 1926 2270 1984 yraves

347 1999 565 2059 Persae
620 2000 827 2059 melius
871 2001 1152 2074 perirent.
1254 1998 1396 2057 Non
1452 1998 1658 2073 potest
1712 1998 1928 2074 negari
1985 1999 2142 2057 male
2203 2016 2268 2057 se

348 2088 572 2147 habere
616 2087 770 2147 illud
815 2090 965 2147 cives
1008 2090 1231 2148 acuisse
1274 2088 1526 2161 ferrem,
1581 2103 1717 2143 cum
1763 2085 1827 2144 id
1871 2086 2069 2162 ipsum
2116 2085 2270 2145 desi·

351 2175 614 2252 deretur,
658 2177 723 2233 in
764 2193 879 2251 quo
918 2192 1152 2233 summa
1188 2172 1522 2233 sententiae
1555 2175 1835 2249 vertitur,
1880 2177 2031 2250 puta
2069 2180 2271 2235 eontra

352 2267 516 2323 cives.
581 2262 755 2331 Quod
788 2279 925 2321 cum
958 2264 1048 2320 ita
1084 2262 1181 2337 sit,
1228 2262 1373 2320 olim
1414 2260 1636 2321 conieci
1671 2263 2065 2340 scribendum,
2110 2262 2271 2339 quod

352 2352 535 2410 altius
592 2350 1146 2427 introspicientibus
1206 2350 1521 2425 apparebit
1575 2350 1752 2410 facile
1808 2352 2076 2428 potuisse
2133 2370 2269 2427 per-

351 2440 512 2499 verti
555 2457 594 2497 a
640 2439 849 2500 scribis
897 2438 1138 2514 septimi
1184 2438 1309 2499 sive
1356 2439 1552 2499 octavi
1608 2440 1832 2500 saeculi
1884 2442 2080 2501 audiet
2121 2443 2272 2500 cives

354 2529 618 2587 cecidisse
659 2527 834 2602 ferro.
925 2526 1084 2584 Nam
1130 2528 1194 2584 et
1238 2545 1415 2603 saepe
1457 2530 1673 2603 poetae
1718 2529 1968 2588 cadendi
2016 2546 2270 2603 pereun-

354 2616 533 2692 dique
568 2614 877 2675 vocabulis
912 2613 1245 2690 promiscue
1282 2617 1376 2675 usi
1413 2618 1571 2695 sunt,
1615 2617 1786 2678 velut
1825 2618 1955 2692 ipse
1991 2617 2135 2676 Hor.
2176 2635 2270 2691 ep.

354 2723 418 2780 11,
459 2706 516 2781 3,
558 2706 659 2780 68,
700 2706 810 2780 703
857 2700 965 2764 Ov.
1001 2705 1143 2763 met.
1175 2723 1217 2780 1,
1257 2707 1402 2782 240,
1442 2708 1500 2765 1.
1577 2705 1831 2780 Propius
1877 2705 2062 2764 etiam
2109 2722 2272 2764 acce-

357 2792 448 2851 dit
505 2792 583 2851 ad
636 2792 922 2851 traditam
990 2793 1348 2868 scripturam
1405 2794 1564 2870 quod
1615 2793 1726 2854 Ae.
1760 2792 2143 2871 ‚Baehrensio
2207 2792 2274 2852 in

356 2882 619 2940 mentem
670 2880 841 2940 venit
901 2882 1149 2941 iamai-sse
1198 2884 1355 2956 ferro
1363 2903 1388 2955 ,·
1450 2884 1518 2941 at
1568 2880 1937 2957 Madvigius,
2007 2880 2268 2957 IeepiuS,

356 2969 739 3029 Ecksteinius
784 2971 1051 3043 rapuisse
1093 2972 1349 3045 ferrum,·
1403 2970 1478 3030 cf.
1512 2970 1651 3030 lect.
1687 2968 1833 3028 Hor.
1869 2988 1973 3046 pg.
2012 2971 2138 3028 692
2180 2988 2270 3044 sq.

492 3061 552 3134 2,
590 3059 702 3131 39,
739 3059 826 3118 40
871 3074 1005 3118 acer
1048 3064 1102 3119 et
1132 3060 1347 3119 Mauri
1378 3060 1596 3133 pedites
1638 3061 1936 3117 cruentum
1979 3058 2164 3117 voltus
2206 3060 2276 3126 in

356 3147 584 3206 hostem.
675 3146 916 3208 Mauros
974 3166 1108 3206 cum
1168 3148 1440 3224 equitatu
1498 3144 1699 3221 potius
1759 3164 1941 3222 quam
1993 3146 2275 3222 peditatu

360 3234 705 3296 excelluisse
753 3236 914 3296 omni
949 3238 1220 3312 tempore
1259 3238 1356 3295 sat
1390 3235 1639 3307 constet,
1683 3234 1955 3294 nonnulli
1991 3235 2273 3296 dixerunt

358 3323 552 3385 videri
587 3323 837 3385 Horatio
882 3324 947 3383 in
984 3324 1261 3385 versibus
1297 3323 1461 3382 hisce
1497 3321 1855 3384 adornandis
1891 3324 2273 3385 obversatam

360 3432 491 3472 esse
544 3413 841 3491 picturam
894 3411 1210 3489 quandam.
1301 3411 1435 3487 Ego
1488 3413 1692 3472 tamen
1743 3431 1861 3489 quo
1914 3413 2046 3475 fieri
2092 3414 2271 3474 modo
