2514 3950
324 182 443 247 126
1076 184 1500 242 sA'rmARVM
2183 187 2249 260 ῃ,

447 350 554 416 Sic
597 350 851 417 solitus:
909 357 1016 434 ‘po
1063 350 1206 414 ulus
1248 370 1355 413 me
1412 348 1656 431 sibilat,
1702 351 1770 412 at
1809 348 1970 413 mihi
2013 347 2245 433 plaudo

444 434 480 499 I
526 456 593 499 se
623 434 824 517 domi,
866 434 989 498 sim
1085 455 1161 498 ac
1187 453 1485 498 nummos
1515 434 1912 518 contemplor
1949 433 2021 497 in
2054 437 2244 497 arca?

501 519 752 584 antalus
796 539 836 581 a
877 518 1072 582 labris
1117 517 1338 582 sitiens
1381 516 1695 602 fugientia
1739 519 1953 602 captat

444 602 758 667 Flumina.
846 601 1013 677 Quid
1049 600 1268 670 rides?
1322 600 1572 665 Mutato
1615 601 1876 666 nomine
1920 601 1997 665 de
2038 603 2105 665 te

346 700 415 749 70
442 687 686 752 Fabula
725 688 1050 751 narratur:
1097 686 1420 770 congestis
1462 685 1741 769 undique
1784 685 1984 750 saccis

444 771 763 836 Indormis
807 769 1061 834 inhians
1106 772 1172 834 et
1211 773 1536 854 tamquam
1578 790 1837 854 parcere
1881 769 2077 834 sacris

447 854 713 940 Cogeris
757 856 870 918 aut
908 853 1097 937 pictis
1140 856 1465 936 tamquam
1507 853 1782 938 gaudere
1834 853 2105 918 tabellis.

443 939 672 1006 Nescis
703 958 827 1021 quo
855 937 1066 1003 valeat
1091 937 1434 1003 nummus?
1465 958 1654 1021 quem
1681 938 1985 1022 praebeat
2010 937 2246 1002 usum?

445 1023 639 1087 Panis
684 1026 958 1108 ematur,
1003 1022 1142 1087 olus
1216 1022 1352 1086 vini
1395 1022 1704 1086 sextarius
1717 1070 1736 1105 ‚
1783 1021 1970 1105 adde,

347 1121 413 1170 75
445 1107 600 1183 Quis
643 1107 924 1172 humana
967 1106 1090 1171 sibi
1135 1071 1350 1171 doleat
1389 1110 1617 1170 natura
1657 1106 1930 1192 negatis,

444 1194 556 1256 An
644 1192 659 1206 ⁶
715 1192 728 1205 '
829 1213 864 1257 e
906 1193 1081 1256 metu
1127 1191 1511 1273 exanimem,
1555 1193 1901 1275 noctesque
1945 1189 2204 1273 diesque

443 1275 662 1341 Formi
708 1297 814 1341 are
855 1276 1059 1340 malos
1101 1275 1302 1358 fures,
1348 1273 1672 1357 incendia,
1719 1295 1933 1339 servos

444 1360 510 1426 N
513 1381 547 1424 e
589 1364 654 1424 te
698 1360 1027 1444 conpilent
1067 1358 1416 1443 fugientes,
1461 1357 1586 1423 hoc
1627 1358 1846 1424 iuvat?
1891 1324 2139 1423 Eforum

446 1444 702 1529 Semper
745 1464 866 1529 ego
911 1443 1186 1540 optarim
1227 1443 1664 1528 pauperrimus
1720 1464 1858 1507 esse
1910 1443 2249 1508 bonorum.

349 1541 420 1592 80
447 1530 540 1593 At
581 1529 637 1593 si
681 1527 1011 1593 condoluit
1050 1530 1436 1611 temptatum
1478 1527 1718 1612 frigore
1763 1548 1991 1611 corpus

444 1614 581 1678 Aut
623 1612 784 1676 alius
830 1631 1012 1676 casus
1057 1611 1223 1676 lecto
1267 1615 1333 1676 te
1376 1611 1622 1694 adfixit,
1665 1611 1862 1676 habes
1907 1611 2016 1695 qui

445 1696 784 1779 Adsideat,
826 1695 1113 1760 fomenta
1152 1699 1363 1780 paret,
1407 1695 1722 1760 medicum
1764 1698 1979 1780 roget,
2022 1696 2097 1759 ut
2136 1698 2206 1760 te

447 1780 724 1846 Suscitet
766 1800 840 1844 ac
882 1778 1105 1843 reddat
1145 1781 1359 1865 gnatis
1404 1780 1691 1863 carisque
1739 1777 2160 1864 propinquis?

444 1864 599 1930 Non
639 1885 800 1929 uxor
844 1865 1087 1928 salvum
1128 1867 1193 1928 te
1236 1864 1404 1948 volt,
1451 1885 1586 1928 non
1627 1864 1826 1947 filius3
1872 1883 2094 1927 omnes

345 1961 412 2013 85
441 1948 658 2014 Vicini
701 1949 1001 2032 oderunt,
1044 1949 1212 2034 noti,
1255 1948 1439 2033 pueri
1481 1951 1669 2033 atque
1711 1948 1978 2033 puellae.

444 2033 733 2118 Miraris,
779 2056 923 2099 cum
964 2037 1036 2097 tu
1081 2036 1350 2118 argento
1393 2036 1543 2117 post
1586 2034 1802 2116 omnia
1841 2054 2043 2117 ponas
2053 2081 2073 2116 ‚

446 2116 516 2184 Si
555 2138 746 2182 nemo
788 2120 1096 2201 praestet,
1142 2138 1331 2200 quem
1368 2139 1503 2182 non
1543 2118 1873 2202 merearis,
1917 2117 2250 2202 amorem?

444 2203 557 2265 An
591 2203 646 2265 si
678 2204 988 2298 cognatos
1000 2249 1019 2284 ‚
1062 2202 1242 2265 nullo
1286 2204 1514 2266 natura
1555 2202 1772 2267 labore

446 2286 620 2361 Quos
661 2285 783 2349 tib1
825 2284 965 2368 dat,
1013 2285 1285 2350 retinere
1313 2286 1472 2352 velis
1516 2307 1888 2370 servareque
1933 2286 2203 2369 amicOS,

344 2383 413 2431 90
440 2369 676 2434 Infelix
720 2389 979 2452 operam
1021 2369 1282 2452 perdas:
1325 2373 1399 2434 ut
1442 2371 1638 2455 siquis
1684 2371 1949 2436 asellum

442 2453 525 2517 In
568 2474 791 2537 campo
837 2453 1062 2519 doceat
1102 2458 1433 2539 parentem
1477 2475 1725 2519 currere
1769 2454 1988 2518 frenis,

442 2536 734 2620 Denique
764 2537 849 2601 sit
875 2538 1022 2602 finis
1067 2538 1438 2623 quaerendi,
1482 2560 1750 2622 cumque
1792 2538 2028 2602 habeas
2067 2536 2252 2623 plus,

440 2621 816 2706 Pauperiem
857 2625 1104 2688 metuas
1147 2623 1359 2686 minus
1403 2626 1469 2686 et
1508 2623 1692 2687 finire
1735 2623 2018 2687 laborem

441 2704 749 2790 Incipias,
794 2711 977 2790 parto
1024 2707 1193 2790 quod
1237 2707 1495 2790 evehas,
1539 2728 1623 2772 ne
1664 2707 1861 2771 facias
1906 2706 2074 2790 quod

343 2802 408 2852 95
438 2789 798 2855 meidius
844 2790 1129 2877 quidam3
1174 2811 1311 2855 non
1351 2792 1613 2876 long-ast
1652 2790 1894 2855 fabula:
1942 2789 2115 2854 dives
2125 2835 2146 2873 ,

441 2874 534 2938 Vt
571 2874 902 2939 metiretur
943 2896 1272 2959 nummos,
1316 2875 1409 2939 ita
1454 2875 1775 2958 sordidus,
1819 2878 1894 2939 ut
1935 2895 2003 2937 se

438 2957 594 3024 Non
635 2980 936 3043 umquam
979 2981 1159 3024 servo
1202 2960 1432 3024 melius
1472 2960 1762 3042 vestiret,
1808 2958 1889 3022 ad
1931 2977 2131 3040 usque

440 3040 820 3127 Supremum
861 3046 1141 3127 tempus,
1186 3065 1269 3108 ne
1313 3065 1381 3109 se
1422 3044 1691 3128 penuria
1734 3043 1938 3107 victus

441 3126 872 3210 Opprimeret‚
916 3127 1256 3192 metuebat.
1346 3130 1439 3192 At
1479 3128 1651 3192 hunc
1693 3127 1923 3191 liberta
1968 3124 2174 3190 securi

317 3223 412 3273 100
440 3208 678 3275 Divisit
716 3211 1026 3295 medium,
1070 3212 1421 3277 fortissima
1463 3210 1986 3295 Tyndaridarum.

441 3293 631 3370 ‘Quid
652 3295 743 3359 mi
769 3295 969 3379 igitur
998 3295 1268 3359 suades?
1311 3295 1404 3361 Vt
1423 3297 1634 3366 vivam
1655 3295 1966 3378 Maenius,
1997 3295 2109 3358 aut
2131 3293 2235 3358 sic

436 3377 529 3465 Vt
568 3377 1013 3444 Nomentanus
1023 3378 1083 3442 ’θ’
1147 3379 1373 3465 Pergis
1415 3380 1772 3465 pugnantia
1814 3400 2030 3444 secum

435 3459 780 3526 Frontibus
824 3462 1102 3527 adversis
1147 3484 1557 3547 componere:
1607 3484 1741 3527 non
1785 3484 1936 3550 ego,
1981 3482 2254 3527 avarum
