2514 3950
380 188 509 258 236
1079 191 1595 250 unsrvmvm
2191 192 2322 266 [ω.

379 370 484 422 280
508 358 600 423 Et
642 355 860 421 docuit
898 376 1331 442 magnumque
1373 355 1399 420 l
1483 353 1550 420 ui
1589 354 1836 439 nitique
1878 353 2213 421 cothurno.

508 441 829 507 Successit
867 444 1050 507 vetus
1092 440 1196 506 his
1239 459 1460 506 comoe
1510 440 1595 524 ‘a,
1637 460 1774 505 non
1816 439 1956 504 sine
1995 440 2202 504 multa

506 525 751 611 Laude3
796 525 908 590 sed
948 525 1020 590 in
1060 525 1288 591 vitium
1328 524 1590 590 libertas
1631 523 1869 589 excidit
1912 525 1978 589 et
2016 523 2147 587 vim

506 608 791 696 Dignam
832 610 977 695 lege
1018 609 1189 694 regi:
1232 609 1339 673 lex
1382 612 1481 674 est
1522 610 1783 693 accepta
1823 607 2179 692 chorusque

682 695 805 759 iter
846 693 1117 759 obticuit
1157 692 1410 758 sublato
1453 693 1591 758 iure
1631 692 1927 759 nocendi.

236 794 253 810 ·
378 790 482 845 285
509 778 625 844 Nil
665 779 1117 876 intemptatum
1158 778 1367 843 nostri
1408 777 1651 862 liquere
1691 779 1951 862 poetae3

507 862 647 929 Nec
686 883 1025 926 m1mmum
1065 882 1352 927 memore
1395 861 1586 927 decus
1628 861 1904 947 vestigia
1945 859 2191 927 Graeca

506 946 671 1011 Ausi
711 945 999 1011 deserere
1042 949 1109 1011 et
1149 945 1471 1011 celebrare
1513 946 1865 1011 domestica
1903 945 2103 1029 facta,

506 1029 632 1095 Vel
673 1030 783 1115 qui
824 1033 1187 1115 praetextas
1228 1030 1336 1096 vel
1376 1030 1486 1115 qui
1528 1030 1798 1095 docuere
1839 1032 2113 1114 togatas.

505 1114 647 1181 Nec
687 1114 922 1180 virtute
964 1115 1135 1180 foret
1175 1114 1442 1188 clarisve
1483 1113 1811 1199 potentius
1855 1115 2078 1197 armis,

379 1211 486 1264 290
512 1198 719 1275 Quam
760 1199 1011 1285 ling-ua,
1053 1199 1340 1283 Latium,
1384 1198 1441 1264 si
1482 1219 1618 1264 non
1659 1198 2011 1264 offenderet
2048 1219 2255 1263 unum

507 1283 712 1360 Quem
754 1305 834 1349 ue
876 1286 1212 1369 poetarum
1251 1284 1443 1349 limae
1483 1283 1669 1348 labor
1696 1286 1763 1348 et
1799 1303 1998 1348 mora.
2068 1280 2231 1365 Vos,
2280 1304 2322 1348 o

506 1305 863 1453 Pompssius
1102 1369 1117 1382 ⁶
1204 1389 1461 1433 carmen
1486 1366 1949 1452 reprehendite,
1980 1366 2150 1450 quod
2180 1388 2324 1434 non

506 1451 716 1518 Multa
757 1452 893 1518 dies
938 1455 1004 1518 et
1042 1475 1110 1517 m
1176 1455 1245 1516 ta
1285 1452 1478 1517 litura
1520 1451 1848 1517 cohercuit
1888 1454 2079 1536 atque

506 1536 913 1602 Praesectum
956 1537 1163 1603 decies
1204 1556 1341 1601 non
1382 1536 1720 1621 castigavit
1760 1536 1843 1601 ad
1883 1556 2185 1623 unguem.

379 1632 481 1684 295
510 1619 852 1705 Ingenium
894 1621 1128 1685 misera.
1169 1621 1321 1704 quia
1361 1620 1744 1686 fortunatius
1774 1623 1911 1686 arte

510 1703 730 1769 Credit
771 1707 838 1769 et
879 1704 1159 1769 excludit
1201 1724 1394 1769 sanos
1436 1704 1749 1771 Helicone
1789 1708 2011 1790 poetas

505 1785 941 1873 Democritus,
986 1788 1159 1853 bona
1196 1810 1349 1874 pars
1376 1809 1513 1855 non
1538 1810 1786 1876 ungues
1873 1809 2065 1854 onere
2108 1793 2322 1875 curat,

504 1871 661 1938 Non
701 1872 997 1958 barbam,
1043 1876 1288 1939 secreta
1327 1874 1491 1970 petit
1532 1874 1703 1957 loca,
1747 1873 1790 1939 b
1904 1894 1979 1938 ea
2018 1872 2204 1939 vitat.

504 1955 932 2024 Nanciscetur
970 1959 1143 2024 enim
1183 1960 1461 2044 pretium
1503 1979 1740 2023 nomen
1783 1981 1864 2024 ue
1905 1959 2134 2043 poetas
2145 2007 2166 2042 ,

379 2053 483 2105 800
512 2041 579 2107 Si
622 2043 827 2108 tribus
869 2043 1198 2127 Anticyris
1240 2046 1433 2126 caput
1478 2043 1774 2108 insanab1
1800 2064 1836 2108 e
1876 2063 2229 2127 numquam

505 2125 780 2191 Tonsori
820 2126 1045 2192 Licino
1090 2127 1478 2192 conmiserit.
1566 2126 1621 2192 Ο
1668 2147 1788 2213 ego
1833 2128 2076 2210 laevus,

506 2209 631 2284 Qui
671 2231 914 2295 purgor
954 2211 1151 2275 bilem
1194 2211 1313 2275 sub
1355 2211 1536 2276 verni
1576 2211 1883 2295 temporis
1926 2210 2184 2276 horam!

503 2292 659 2358 Non
700 2293 863 2358 alius
905 2294 1144 2359 faceret
1184 2295 1453 2359 meliora
1492 2298 1818 2379 poemata:
1862 2317 2082 2361 verum

503 2375 619 2441 Nil
658 2378 903 2443 tantist.
988 2378 1167 2464 Ergo
1210 2379 1446 2464 fungar
1486 2379 1624 2445 vice
1668 2381 1859 2464 cotis,
1903 2383 2162 2446 acutum

365 2472 478 2523 >805
506 2459 795 2526 Reddere
837 2483 997 2545 quae
1038 2462 1279 2527 ferrum
1319 2464 1490 2528 valet
1533 2484 1751 2530 exsors
1793 2464 1936 2548 ipsa
1978 2465 2272 2551 secandi3

502 2543 737 2609 Munus
782 2547 849 2609 et
889 2546 1201 2630 officium,
1244 2546 1343 2611 nil
1385 2547 1668 2613 scribens
1712 2549 1882 2632 ipse,
1927 2548 2170 2614 docebo
2183 2597 2204 2632 ,

502 2625 690 2692 Vnde
765 2632 1020 2693 arentur
1049 2650 1087 2709 o
1134 2651 1233 2714 es,
1279 2631 1432 2715 quid
1460 2633 1593 2697 alat
1632 2632 1989 2717 formetque
2029 2636 2326 2719 poetam,

503 2711 671 2788 Quid
742 2715 948 2796 eceat,
979 2713 1088 2796 qui
1158 2734 1324 2797 non,
1355 2736 1480 2799 quo
1503 2716 1736 2800 virtus,
1766 2737 1892 2815 quo
1922 2717 2090 2782 ferat
2109 2738 2325 2784 error.

503 2794 834 2861 Scribendi
874 2799 1046 2861 recte
1091 2802 1378 2882 saperest
1419 2802 1485 2863 et
1523 2801 1912 2885 principium
1956 2806 2022 2866 et
2062 2802 2248 2867 fons:

374 2892 477 2944 810
502 2879 665 2945 Rem
718 2880 840 2946 tibi
882 2879 1244 2948 Socraticae
1284 2886 1589 2967 poterunt
1641 2885 1973 2951 ostendere
2017 2885 2326 2974 chartae,

498 2963 836 3047 Verbaque
877 2966 1201 3049 provisam
1243 2987 1380 3031 rem
1420 2989 1554 3032 non
1595 2969 1797 3035 invita
1838 2991 1907 3035 se
1951 2973 2207 3037 uentur.

501 3047 626 3122 Qui
668 3047 918 3144 didicit,
961 3051 1207 3134 patriae
1249 3051 1404 3135 quid
1446 3051 1675 3117 debeat
1708 3056 1775 3118 et
1815 3054 1926 3138 qui
2011 3055 2273 3139 amicis,

499 3130 639 3208 Quo
699 3135 784 3197 s1t
836 3154 1051 3200 amore
1104 3156 1338 3219 parens
1349 3184 1369 3219 ,
1436 3156 1561 3220 quo
1588 3136 1821 3286 hfrater
1875 3138 2191 3204 amandus
2249 3143 2331 3206 et

1637 3243 1708 3287 os
1756 3243 1823 3287 es

498 3301 683 3376 Quod
726 3302 811 3367 sit
853 3302 1228 3386 conscripti,
1286 3304 1453 3388 quod
1500 3244 1751 3371 iudicis?
1773 3272 2056 3372 of’ficium
2068 3356 2089 3391 ,
2145 3329 2333 3393 quae

370 3398 471 3448 315
498 3384 720 3450 Partes
763 3386 834 3451 in
876 3385 1114 3450 bellum
1154 3387 1338 3453 missi
1382 3388 1591 3454 ducis:
1635 3390 1747 3455 ille
1788 3391 2081 3475 profecto

494 3468 782 3534 Reddere
824 3489 1136 3554 personae
1182 3472 1304 3537 scit
1346 3473 1793 3539 convenientia
1836 3476 2082 3560 cuique.
