2514 3950
203 175 341 249 m]

1010 176 1227 231 LIBER
1268 176 1312 233 L

410 338 577 415 Quid
664 339 796 402 rius
840 338 1047 402 dicam
1092 339 1296 402 solitis
1340 339 1623 422 parentis

409 423 613 487 Laudi
659 445 733 487 us
743 471 763 507 ,
809 424 919 506 qui
960 444 1061 487 res
1104 422 1439 487 hominum
1481 444 1555 486 ac
1599 423 1891 506 deorum,

411 507 534 583 Qui
578 530 753 572 mare
797 529 872 571 ac
913 510 1114 571 terras
1157 507 1476 591 variisque
1518 507 1827 571 mundum

502 591 844 677 Temperat
884 592 1106 656 horis?

409 759 596 826 Unde
638 762 734 825 nil
775 762 980 825 maius
1023 763 1368 846 generatur
1411 761 1551 844 ipso
1563 810 1583 844 ‚

408 844 548 910 Nec
576 846 754 942 Yiget
794 847 1132 992 quicquam
1174 846 1382 910 simile
1424 849 1536 909 aut
1572 844 1935 910 secundum.

790 952 814 992 1

410 927 747 993 Proximos
840 930 889 992 li
930 934 1148 994 tamen
1190 930 1527 1014 occupavit

501 1012 717 1076 Pallas
760 1012 1037 1076 honores
1051 1061 1070 1096 ,
1503 1020 1508 1027 '

412 1178 680 1243 Proeliis
726 1177 961 1262 audax3
1006 1199 1212 1261 neque
1254 1182 1321 1242 te
1366 1179 1564 1242 silebo
1575 1226 1594 1262 ‚

411 1261 629 1346 Liber,
676 1265 740 1327 et
782 1263 987 1327 saevis
1028 1262 1291 1327 inimica
1332 1263 1514 1347 virgo

413 1346 660 1430 Remis,
705 1367 825 1412 nec
867 1350 960 1430 te,
1004 1347 1343 1412 metuende
1388 1349 1560 1411 certa

503 1430 759 1495 Phoebe
805 1432 1059 1516 sagitta.

406 1583 637 1647 Dicam
682 1586 747 1646 et
786 1583 1061 1647 Alciden
1103 1605 1459 1667 puerosque
1502 1583 1742 1668 Ledae,

409 1666 600 1731 Hunc
645 1667 853 1751 equis,
896 1668 1080 1731 illum
1124 1690 1421 1752 supera—re
1464 1669 1700 1754 pugnis

410 1750 475 1816 N
478 1751 740 1837 obilem3
788 1772 1057 1835 quorum
1102 1752 1293 1816 simul
1337 1753 1485 1816 alba
1525 1752 1738 1817 nautis

505 1834 706 1901 Stella
747 1836 1026 1919 refulsit,

410 1986 653 2051 Defluit
695 1987 863 2050 saxis
907 1987 1186 2070 agitatus
1228 1986 1490 2070 humor,

415 2070 782 2167 Conci-dunt
821 2070 997 2134 venti
1039 2070 1422 2167 fugiuntque
1464 2071 1697 2154 nubeS‚

411 2154 500 2220 Et
539 2175 785 2238 minax,
828 2157 871 2236 †
893 2176 1038 2218 cum
1079 2175 1171 2218 S1c
1211 2155 1495 2239 voluere,
1538 2158 1741 2239 ponto

501 2237 695 2303 Vnda
734 2239 1066 2304 recumbit.
1488 2285 1492 2289 -

412 2390 758 2454 Romulum
800 2394 950 2475 post
989 2391 1108 2455 hos
1151 2392 1329 2475 prius
1340 2441 1359 2475 ‚
1413 2413 1498 2455 an
1542 2393 1825 2475 quietum

412 2474 691 2572 Pompili
736 2497 1006 2560 regnum
1048 2496 1425 2559 memorem,
1472 2498 1556 2540 an
1598 2478 1904 2561 superbos

418 2558 545 2623 Tar
588 2559 726 2622 umi
767 2559 974 2622 fasces
983 2608 1002 2643 ,
1049 2559 1302 2643 dubito,
1352 2581 1435 2623 an
1481 2558 1745 2626 Catonis

574 2642 743 2707 obile
793 2643 1009 2707 letum.

413 2794 756 2943 {Regulum
801 2798 865 2858 et
908 2794 1179 2860 Scauros
1224 2796 1598 2878 animaeque
1641 2818 1915 2882 magnae

465 2879 762 2964 rodigum
801 2878 1098 2976 l'aullum
1143 2883 1483 2963 superante
1525 2879 1742 2945 Poeno

415 2962 651 3028 Gratus
694 2964 935 3047 ins1gm'
975 2964 1248 3028 referam
1292 2985 1557 3027 camena

504 3047 1011 3130 Fabriciumque.

411 3199 631 3283 Hunc,
678 3202 743 3264 et
783 3199 1125 3283 incomptis
1169 3198 1432 3264 Curium
1475 3201 1723 3285 capillis

410 3282 653 3348 Vtilem
696 3284 864 3348 bello
909 3284 1086 3367 tulit,
1133 3286 1198 3348 et
1240 3284 1583 3350 Camillum

416 3366 617 3431 Saeva
665 3371 1007 3453 paupertas
1052 3370 1117 3432 et
1159 3369 1368 3433 avitus
1414 3372 1553 3433 arto

446 3487 447 3490 κ
508 3449 671 3515 Cum
713 3453 845 3518 lare
888 3452 1171 3538 fundus]

2052 170 2125 233 11

2064 518 2126 567 15

2059 1024 2127 1074 20

2061 1599 2127 1647 25

2062 2086 2130 2134 30

2062 2575 2127 2624 35

2062 3062 2129 3111 40
