2514 3950
916 197 1486 254 PROLEGOMENA.
1956 196 2163 253 XXXV

249 348 578 410 cumfertur
621 378 697 390 -
738 349 904 408 cuius
952 348 1229 409 libellum
1275 348 1349 407 de
1392 347 1602 408 metris
1647 344 1995 413 Horatianis
2041 349 2163 423 pri-

248 455 380 497 mus
410 436 599 498 edidit
615 435 848 497 Keilius
879 434 997 514 [gr.
1016 437 1124 497 lat.
1149 455 1272 510 1111,
1298 438 1430 497 468
1461 433 1617 512 sqq.]
1646 435 1871 496 diserte
1898 437 2164 495 testatur

252 523 381 602 [pg.
408 521 568 601 470]
605 525 682 585 ab
719 525 842 585 illis
879 528 1096 586 iustum
1141 529 1195 585 et
1226 529 1479 585 tenacem
1513 541 1733 584 novam
1769 524 1958 583 ordiri
1991 523 2162 584 oden.

256 645 330 656 -—
382 611 540 683 Quid
593 614 752 690 quod
804 613 1066 673 Marium
1118 612 1494 673 Victorinum
1558 613 1661 689 qui
1712 612 1868 671 illud
1923 615 2163 673 msera-

249 706 436 762 rumst
475 718 656 776 neque
700 705 890 763 amori
934 701 1348 763 duodecimum
1382 703 1562 763 vocat
1596 719 1834 760 carmen
1875 697 2002 777 [pg.
2034 703 2162 761 234

253 786 349 866 G.]
406 794 657 866 apparet
711 792 775 850 et
824 791 1024 865 ipsum
1077 789 1377 866 dirempta
1436 791 1659 866 legisse
1719 788 2043 849 secundum
2102 791 2165 847 et

248 878 514 941 tertium.
597 877 878 938 Ceterum
918 878 1450 956 grammaticorum
1495 896 1675 954 quam
1719 878 1938 953 exigua
1978 877 2166 936 fuerit

251 966 598 1027 dirimendis
651 968 816 1027 recte
868 966 1264 1043 iungendisve
1317 966 1677 1026 carminibus
1738 965 2051 1042 diligentia
2095 983 2165 1025 ac

250 1054 585 1131 prudentia,
634 1057 886 1130 apparet
921 1057 1020 1116 vel
1057 1074 1129 1117 ea
1171 1074 1239 1114 re
1277 1056 1436 1131 quod
1469 1055 1791 1115 Diomedes
1827 1055 2024 1130 prima
2060 1072 2165 1114 sex

251 1141 395 1201 libri
437 1142 609 1202 tertii
652 1145 933 1217 poemata
977 1142 1347 1202 existimavit
1393 1160 1527 1201 esse
1570 1161 1774 1201 unum.

383 1248 483 1308 111,
529 1232 595 1304 3,
644 1232 745 1289 11.
797 1232 876 1288 12
925 1247 1067 1303 quos
1109 1232 1262 1289 inter
1303 1226 1609 1303 Λυρκείας
1651 1232 1984 1289 recumbens
2016 1247 2166 1303 pur-

242 1335 430 1394 pureo
474 1319 623 1378 bibet
665 1335 763 1378 ore
804 1323 1019 1378 nectar.
1109 1318 1270 1376 Male
1315 1317 1625 1377 Bentleius
1672 1335 1808 1375 cum
1861 1318 2167 1394 plerisque

254 1407 565 1466 doctorum
617 1406 885 1482 praefert
937 1406 1098 1483 quod
1159 1405 1223 1465 in
1288 1406 1423 1466 aliis
1490 1404 1657 1464 codd.
1713 1409 1951 1481 prostat
2013 1408 2167 1466 bibit.

251 1496 536 1554 Absurda
571 1496 729 1554 enim
763 1513 873 1555 nec
908 1495 1034 1555 ullo
1067 1494 1307 1571 aequali
1334 1494 1619 1571 Augusti,
1646 1493 1869 1555 nedum
1895 1493 2166 1568 Horatio,

253 1584 439 1661 digna
484 1584 601 1642 erit
646 1583 910 1643 adulatio
956 1583 1208 1643 dicentis
1255 1581 1578 1643 Caesarem
1622 1583 1888 1659 quotidie
1932 1583 1996 1641 in
2033 1600 2167 1644 ocu-

251 1673 329 1731 lis
384 1671 692 1731 hominum
746 1674 1092 1732 versantem
1145 1670 1505 1731 adscendere
1565 1673 1754 1730 solere
1810 1672 2042 1730 caelum
2105 1674 2168 1730 et

252 1761 411 1820 inter
448 1760 590 1821 deos
627 1760 930 1820 recubare.
1003 1760 1235 1819 Horum
1271 1779 1487 1836 nempe
1524 1760 1807 1820 convivae
1842 1779 1963 1820 non
1997 1760 2167 1836 prius

254 1866 386 1910 esse
428 1849 651 1908 licebat
696 1848 767 1922 ei,
815 1867 996 1925 quam
1029 1851 1306 1924 receptus
1344 1850 1506 1909 esset
1538 1848 1604 1906 in
1639 1848 1871 1907 caelum
1908 1848 1983 1907 ab
2019 1848 2167 1924 ipsis

255 1932 588 1997 caelitibus,
676 1936 851 1995 Vnde
904 1954 1041 1996 mox
1088 1936 1239 1996 Iuno
1288 1937 1361 1995 de
1407 1935 1653 2006 Quirino
1702 1936 2055 1997 adveniente
2099 1936 2170 1996 iz-

255 2027 378 2083 lum
423 2040 520 2098 eyo
556 2025 782 2083 lucidas
815 2026 968 2083 inire
1001 2024 1176 2090 sedes,
1225 2025 1432 2083 ducere
1464 2026 1716 2083 nectaris
1750 2041 1917 2083 sucos
1940 2027 2164 2099 patiar.

255 2112 425 2169 Talis
468 2110 659 2186 igitur
702 2110 894 2171 honor
938 2111 1331 2172 conveniebat
1374 2110 1653 2188 Augusto
1700 2110 1855 2185 divo,
1900 2112 2007 2171 sed
2049 2130 2171 2171 non

254 2219 412 2260 vivo.

387 2306 486 2362 111,
533 2289 592 2361 3,
640 2290 720 2347 21
771 2304 841 2348 ex
884 2305 1000 2363 qua
1042 2288 1207 2347 recte
1251 2286 1461 2348 Lchm.
1504 2306 1657 2349 mus,
1698 2288 1810 2347 Rh.
1851 2287 1961 2365 ΠΙ,
2011 2289 2165 2367 617;

255 2394 325 2438 ex
369 2394 478 2451 qao
523 2375 654 2436 cdd.

390 2468 449 2540 3,
499 2467 581 2525 23
628 2466 969 2525 damnatam
1001 2465 1070 2539 B,
1118 2466 1460 2526 damnatum
1503 2464 1660 2525 libri.
1734 2462 2017 2525 Ceterum
2062 2483 2169 2527 cur

170 2609 173 2610 γ
256 2572 493 2628 semper
536 2553 859 2613 Horatium
901 2554 1068 2613 Ilion
1111 2553 1425 2630 feminine,
1472 2571 1589 2630 quo
1634 2554 1796 2629 apud
1838 2553 2170 2614 Homerum

256 2642 521 2718 effertur,
565 2660 786 2718 genere
826 2640 1048 2702 dixisse
1085 2641 1507 2718 existimarem,
1550 2642 1721 2701 nulla
1762 2644 1999 2702 omnino
2036 2645 2172 2702 erat

256 2748 454 2789 causa.
530 2730 628 2789 I-ta
673 2732 736 2789 et
771 2728 983 2791 Ovidio
1018 2730 1193 2791 modo
1229 2731 1401 2799 Ilios,
1446 2730 1622 2790 modo
1658 2731 1822 2791 Ilion
1857 2730 2169 2806 probatur.

255 2819 580 2878 Praeterea
623 2817 881 2879 videnda
925 2835 1078 2896 quae
1123 2819 1392 2879 dicturus
1440 2837 1572 2879 sum
1618 2819 1697 2877 ad
1738 2836 1833 2892 111,
1884 2822 1941 2895 7,
1993 2820 2093 2878 15.

388 2926 486 2982 111,
523 2908 582 2980 4,
623 2908 706 2967 10
742 2909 917 2968 limen
949 2906 1236 2982 Apuliae;
1284 2909 1491 2967 vimina
1514 2907 1797 2981 peryulae
1830 2905 1939 2967 Ae.
1977 2907 2170 2967 Baeh-

254 2995 519 3071 rensius,
577 2996 725 3055 satis
778 2998 956 3074 bene,
1011 2998 1083 3054 ut
1134 2996 1200 3054 in
1250 3014 1431 3056 versu
1487 2995 1821 3072 desperato.
1914 2994 2171 3066 Quidam

256 3085 417 3144 enim
461 3084 699 3144 Horatii
750 3085 868 3145 loci
909 3087 1038 3145 tam
1082 3084 1352 3161 graviter
1397 3084 1621 3158 affecti,
1675 3088 1746 3143 ut
1792 3086 2168 3163 sententiam,

257 3174 312 3232 si
352 3191 474 3234 non
516 3174 932 3246 necessariam,
977 3174 1182 3248 aptam
1218 3176 1380 3233 certe
1414 3173 1666 3233 reddere
1708 3172 1795 3232 eis
1830 3191 1951 3233 non
1985 3174 2168 3233 nimio

256 3260 531 3320 mutandi
574 3262 841 3338 periculo
884 3262 1047 3320 facto
1093 3261 1240 3321 satis
1284 3262 1381 3322 sit.
1452 3261 1589 3322 Non
1626 3263 1788 3322 recte
1825 3261 2169 3337 Madvigius
2241 3303 2244 3308 -

257 3347 491 3408 advers.
533 3350 662 3409 crit.
706 3369 771 3428 11,
820 3351 905 3410 54
951 3351 1158 3411 limina
1198 3352 1451 3411 vavalae.
1540 3350 1682 3409 Alia
1727 3351 1886 3410 enim
1931 3349 2170 3409 Horatii

173 3486 199 3508 ,
254 3436 322 3495 in
368 3437 592 3497 saturis
637 3439 701 3497 et
745 3439 1019 3515 epistulis
1064 3441 1129 3499 et
1167 3439 1386 3499 iambis
1398 3484 1413 3515 ‚
1460 3438 1582 3498 alia
1623 3438 1688 3497 in
1730 3439 1937 3515 lyricis
1984 3438 2167 3497 demi-

1676 3535 1745 3589 c*
