2514 3950
246 157 443 230 xva]
1091 154 1322 209 LIBER.
2062 144 2181 211 123

462 318 652 394 ‘Quid
696 317 1003 382 obseratis
1048 316 1307 380 auribus
1350 315 1566 380 fundis
1609 314 1870 400 preces?

461 403 614 469 Non
658 423 812 466 saxa
853 401 1040 465 nudis
1086 400 1377 465 surdiora
1417 400 1651 463 navitis

460 487 800 572 Neptunus
845 486 976 549 alto
1017 485 1233 549 tundit
1275 483 1579 548 hibernus
1624 482 1779 547 salo.
2115 494 2182 545 55

460 570 711 635 Inultus
754 573 828 634 ut
866 573 939 634 tu
982 569 1195 634 riseris
1242 567 1336 633 Oo
1473 569 1530 632 ‘a

460 654 562 720 Vo
637 658 772 738 ata,
818 675 1067 719 sacrum
1110 653 1297 717 liberi
1338 571 1706 737 midinis,

460 739 549 804 Et
651 739 912 823 squilim‘
1000 738 1244 803 ontifex
1288 737 1554 802 venefici

459 823 710 908 Inpune
751 826 824 887 ut
864 822 959 888 Vr
1005 845 1106 888 em
1147 822 1409 887 nomine
1453 821 1717 905 inpleris
1761 819 1950 884 meo?

463 908 630 983 Quid
668 907 973 1004 proderat
1015 907 1253 972 ditasse
1296 905 1640 990 Paelignas
1684 926 1871 988 anus,
2116 915 2184 965 60

461 990 841 1055 Velociusve
884 990 1212 1053 miscuisse
1255 989 1581 1053 toxicum?

466 1073 591 1138 Sed
632 1072 914 1136 tardiora
955 1072 1089 1135 fata
1130 1075 1195 1135 te
1237 1072 1405 1135 votis
1448 1075 1735 1137 manent·

464 1155 730 1241 Ingrata
772 1156 1004 1219 misero
1049 1155 1181 1219 vita
1223 1155 1574 1220 ducendast
1613 1155 1683 1218 in
1721 1123 1878 1238 lioc,

462 1239 667 1306 Novis
715 1243 784 1304 ut
824 1261 1024 1324 usque
1069 1241 1371 1324 suppetas
1415 1239 1759 1304 laboribus.

467 1323 662 1408 Optat
747 1324 983 1388 uietem
1024 1324 1280 1408 Pelopis
1325 1323 1506 1387 infidi
1546 1325 1754 1407 pater,
2116 1335 2181 1384 65

461 1408 682 1494 Egens
771 1409 1041 1494 enignae
1085 1407 1395 1472 Tantalus
1439 1428 1574 1472 sem
1622 1429 1689 1470 er
1731 1406 1910 1490 dapis
1923 1455 1942 1489 ‚

465 1493 664 1577 Optat
704 1492 1122 1558 Prometheus
1167 1492 1489 1577 obligatus
1603 1491 1671 1555 ‘ti
1682 1540 1701 1574 ‚

463 1579 666 1662 Optat
708 1598 1004 1663 supremo
1051 1578 1362 1646 collocare
1408 1575 1716 1660 Sisyphus

461 1661 542 1727 In
583 1665 802 1726 monte
846 1683 1096 1748 saxum3
1145 1661 1257 1726 sed
1300 1664 1523 1725 vetant
1564 1661 1737 1745 leges
1782 1659 1972 1723 Iovis,

461 1745 659 1811 Voles
702 1746 895 1811 modo
939 1746 1085 1810 altis
1130 1746 1383 1810 desilire
1427 1745 1736 1826 turribus,
2116 1754 2183 1804 70

463 1830 658 1894 Modo
704 1851 855 1894 ense
896 1833 1119 1913 pectus
1161 1829 1402 1893 Norico
1446 1829 1768 1892 recludere
1782 1875 1800 1909 ,

463 1912 848 1996 Frustraque
889 1912 1101 1975 vincla
1142 1912 1389 1997 gutturi
1430 1914 1649 1974 nectes
1691 1915 1802 1974 tuo
1814 1959 1832 1994 ‚

464 1996 822 2060 Fastidiosa
862 1996 1064 2060 tristis
1110 1996 1522 2081 aegrimonia.

464 2079 786 2144 Vectabor
827 2080 1062 2144 umeris
1104 2083 1260 2144 tunc
1305 2100 1424 2165 ego
1470 2078 1746 2142 inimicis
1792 2098 2012 2161 eques,

465 2163 774 2248 Meaeque
815 2166 986 2228 terra
1028 2164 1210 2228 cedet
1250 2163 1649 2228 insolentiae.
2116 2175 2181 2224 75

463 2250 575 2312 An
618 2269 778 2332 quae
821 2270 1074 2313 movere
1119 2270 1333 2313 cereas
1376 2248 1689 2333 imagines
1701 2295 1721 2330 ‚

464 2331 556 2396 Vt
596 2333 733 2418 ipse
775 2333 947 2398 nosti
991 2333 1275 2398 curiosus
1286 2382 1305 2417 ‚
1352 2336 1417 2397 et
1456 2333 1607 2418 polo

463 2416 767 2514 Deripere
809 2417 1059 2481 Lunam
1099 2418 1362 2482 vocibus
1405 2417 1645 2500 possim
1687 2417 1875 2498 meis,

465 2501 717 2566 Poss1m
761 2504 1071 2566 crematos
1116 2501 1390 2565 excitare
1432 2502 1715 2564 mortuos

467 2583 882 2668 Desiderique
921 2587 1278 2669 temperare
1318 2585 1578 2669 pocula,
2115 2596 2181 2646 30

464 2667 720 2733 Plorem
764 2669 920 2733 artis
963 2669 1034 2733 in
1074 2672 1138 2734 te
1183 2670 1279 2734 nil
1320 2669 1572 2755 agentis
1605 2667 1923 2754 *exitumP'
