2514 3950
437 188 616 244 LXVI
1112 185 1677 241 PROLEGOMENA.

435 357 572 397 rum
613 336 927 396 intellexit.
1014 333 1143 405 Quo
1189 334 1382 412 magis
1427 336 1630 408 miror,
1676 353 1778 395 eos
1824 335 2182 396 emblemata
2223 337 2335 396 ista

436 426 678 502 integra
712 425 838 484 sive
872 426 1195 499 utcumque
1239 426 1475 482 mutata
1518 422 1679 483 tueri
1719 423 2020 484 maluisse.
2079 424 2159 483 Et
2191 424 2331 484 Ben-

436 514 617 573 tleius
658 512 914 588 quidem,
958 530 1080 571 non
1111 529 1259 570 usus
1297 512 1476 571 solita
1513 510 1816 588 felicitate,
1863 511 2104 586 scripsit
2136 515 2335 586 procul

434 602 655 676 procul,
691 601 753 658 id
789 600 947 676 quod
983 601 1219 674 prostat
1252 599 1318 658 in
1353 618 1400 659 c.
1429 598 1775 674 Pulmanni3
1822 599 1979 673 quod
2016 617 2136 659 non
2170 602 2333 662 modo

438 693 509 749 ut
548 683 1080 763 παθητικώτερον,
1127 688 1231 746 sed
1267 687 1408 763 quia
1444 690 1586 763 eget
1620 685 1810 746 oratio
1847 687 2176 762 particulae
2209 707 2334 749 con-

439 778 703 838 cessivae
768 775 893 836 sive
955 774 1369 835 adversativae
1423 774 1807 847 adminiculo,
1871 773 2087 833 merito
2149 775 2335 850 inpro-

439 867 662 926 barunt
707 862 1005 923 Gesnerus
1061 865 1123 923 et
1175 863 1528 922 MeinekiuS.
1619 861 1698 920 Hi
1753 863 1956 920 autem
2014 862 2341 923 coniectura

441 954 752 1014 inventum
795 951 954 1027 quod
995 951 1337 1027 praetulere
1381 951 1547 1009 modo
1604 941 1770 1029 (nam
1817 949 1882 1007 in
1924 949 2129 1009 multis
2174 949 2338 1011 libris

440 1043 668 1118 legitur
720 1040 1088 1115 ineptissime
1144 1040 1348 1098 domus
1388 1037 1627 1112 procul,
1670 1037 1882 1110 procul
1935 1038 2162 1106 donnus,
2221 1039 2343 1100 sive

442 1124 803 1209 simillima),
848 1128 1138 1203 quantum
1184 1127 1262 1185 ad
1308 1144 1574 1199 sensum,
1615 1125 1801 1184 habet
1842 1124 2198 1202 rectissime,
2242 1128 2346 1186 sed

440 1217 611 1293 pedis
667 1217 833 1293 leges
890 1215 1107 1275 violari
1164 1232 1233 1274 eo
1298 1215 1557 1273 admisso
1621 1211 1797 1270 docui
1856 1211 1912 1272 d.
1966 1231 2013 1273 r.
2067 1232 2145 1273 m.
2201 1215 2347 1274 334.

440 1306 591 1364 Mihi
633 1304 831 1363 missis
875 1304 1303 1363 monachorum
1344 1299 1621 1360 ludibriis
1668 1300 1999 1360 sententiae
2052 1301 2219 1361 unice
2263 1304 2349 1363 vi-

442 1394 619 1452 detur
656 1410 787 1452 esse
814 1390 1266 1467 consulendum3
1301 1407 1493 1464 neque
1519 1388 1773 1461 invenio,
1809 1388 1955 1463 quid
1992 1388 2228 1465 dignius
2268 1391 2351 1451 sit

445 1480 698 1540 Horatio
745 1499 923 1555 quam
966 1480 1116 1538 tale·

775 1560 1069 1630 pauperies
1104 1554 1376 1611 inmunda
1408 1560 1590 1609 tamen
1622 1554 1821 1625 procul
1861 1556 2024 1610 absit.

442 1656 539 1715 Ita
583 1655 728 1715 alibi
770 1656 929 1714 idem
974 1652 1230 1713 totidem
1264 1650 1391 1709 fere
1435 1649 1651 1723 verbis,
1696 1667 1849 1726 quae
1889 1650 2203 1728 exscripsit
2239 1654 2356 1714 hoc

442 1762 622 1804 versu
665 1745 736 1802 ut
781 1742 1057 1802 similiter
1102 1740 1224 1799 alia
1272 1735 1396 1815 [111,
1446 1740 1554 1810 16,
1603 1735 1716 1813 37]

748 1836 751 1837 ’
860 1821 1165 1890 inportuna
1198 1822 1392 1874 tamen
1428 1817 1722 1886 pauperies
1758 1819 1931 1873 abest.

580 1919 637 1993 2,
676 1919 800 1978 207
850 1919 1007 1977 caret
1048 1912 1296 1990 (pectus)
1340 1915 1541 1972 mortis
1583 1913 1893 1987 formidine
1938 1917 1990 1973 ct
2032 1916 2144 1974 ira.
2224 1915 2364 1977 Hoc

446 2010 540 2068 est
583 2011 637 2067 et
676 2007 878 2065 mortis
918 2006 1041 2080 ira,
1085 2007 1156 2063 ut
1191 2002 1376 2078 Vei-g.
1422 2006 1646 2075 ereptae
1688 2003 1932 2076 viminis
1974 2004 2088 2062 ira.
2177 2002 2363 2066 Lucr.

445 2102 509 2156 tu
551 2112 684 2154 vero
729 2092 1018 2153 dubitabis
1062 2096 1114 2150 et
1156 2090 1531 2166 indiynabere
1573 2091 1769 2150 obire?

578 2183 688 2257 Ep.
714 2200 779 2253 11,
810 2182 867 2240 3.
927 2178 1094 2237 Hanc
1131 2176 1454 2252 epistulam
1486 2177 1609 2235 iam
1643 2177 1719 2237 ab
1757 2177 2175 2252 antiquissimo
2214 2178 2367 2240 inde

445 2273 716 2371 tempore
760 2266 1115 2341 inscripsere
1159 2264 1338 2323 multi
1380 2264 1605 2323 librum
1649 2266 1722 2324 de
1766 2267 1899 2324 arte
1943 2266 2205 2342 poetica,
2257 2270 2373 2328 sed

445 2358 731 2436 pessime,
794 2354 1016 2414 etenim
1074 2353 1331 2427 apparet
1391 2371 1462 2413 ea
1523 2352 1899 2430 potissimum
1954 2352 2377 2415 demonstrari
2461 2365 2462 2396 ³

446 2448 609 2507 viam
661 2447 724 2504 et
765 2442 1057 2502 rationem
1117 2439 1413 2500 scribendi
1457 2439 1817 2501 Graecanica
1872 2441 2004 2499 arte
2052 2440 2381 2517 dramatiS,

447 2538 520 2594 ut
562 2531 928 2607 reliquorum
970 2528 1168 2605 poesis
1214 2544 1520 2605 generum,
1565 2546 1716 2604 quae
1762 2547 1801 2587 a
1836 2525 2080 2587 Graecis
2115 2530 2383 2592 traxere

447 2619 718 2691 Romani,
765 2617 960 2678 obiter
1002 2615 1112 2675 fiat
1151 2617 1396 2691 mentio,
1440 2636 1663 2693 eorum,
1709 2634 1862 2693 quae
1907 2616 2153 2691 propria
2190 2617 2387 2681 fuere

447 2710 876 2780 Romanorum,
941 2706 1207 2779 saturae,
1270 2704 1645 2779 Fescennini,
1708 2705 2054 2778 Atellanae,
2119 2708 2389 2769 omnino

447 2798 632 2856 nulla.
672 2825 748 2834 —-
796 2793 872 2852 In
916 2793 1121 2854 ordine
1164 2795 1330 2853 recto
1374 2794 1639 2870 partium
1683 2791 2053 2852 restituendo
2100 2794 2393 2855 multum

448 2882 802 2942 laborarunt
837 2881 1020 2942 docti:
1057 2882 1130 2943 de
1157 2900 1277 2959 qua
1303 2899 1368 2940 re
1403 2882 1552 2941 alias
1580 2880 1889 2956 disputare
1916 2882 2010 2937 est
2043 2877 2107 2939 in
2145 2882 2396 2961 animo,

451 2989 587 3031 cum
638 2988 831 3046 neque
884 2972 1177 3031 traditum
1231 2969 1501 3030 ordinem
1553 2967 1775 3043 ubique
1827 2966 1987 3027 tueri
2031 2970 2401 3033 sustineam

449 3061 515 3118 et
549 3057 739 3118 multo
773 3057 969 3119 minus
1006 3059 1262 3135 probare
1298 3058 1407 3116 illa
1441 3057 1611 3116 velut
1646 3053 1815 3131 aegri
1852 3055 2098 3131 somnia,
2144 3060 2402 3134 quibus

450 3145 752 3206 indulsere
798 3142 1240 3223 Peerlcampius
1295 3149 1360 3206 et
1404 3144 1509 3205 alii
1551 3144 1615 3203 in
1659 3142 1923 3204 disiectis
1966 3144 2136 3204 velut
2183 3166 2407 3210 mem-

451 3233 579 3293 bris
624 3237 856 3310 poetae.

586 3321 861 3383 Ceterum
919 3324 1067 3383 haec
1120 3321 1381 3396 epistula
1433 3339 1569 3381 cum
1620 3319 1685 3379 in
1736 3319 2010 3396 pluribus
2062 3320 2412 3397 codicibus

452 3410 740 3473 collocata
785 3410 866 3473 sit
907 3413 1049 3486 post
1093 3410 1257 3483 odas,
1302 3409 1366 3468 in
1411 3409 1545 3469 aliis
1587 3410 1727 3486 post
1768 3408 1987 3485 epodos
2024 3410 2088 3469 et
2122 3421 2416 3475 carmen
