2514 3950
663 796 1760 901 OARMINVM

916 993 1132 1047 LIBER
1168 991 1522 1058 QVARTVS.

1201 1161 1382 1237 I.‘

346 1266 770 1378 Intermissa,
814 1293 1067 1377 Venae,
1123 1293 1231 1358 diu

435 1379 681 1444 Rursus
724 1378 892 1443 bella
932 1377 1195 1442 moves?
1262 1376 1488 1463 Parce,
1531 1399 1789 1463 precor,
1832 1401 2075 1464 precor.

347 1464 504 1531 Non
547 1484 687 1527 sum
731 1463 936 1546 qualis
982 1484 1153 1527 eram
1196 1462 1402 1527 bonae

436 1546 567 1613 Sub
610 1569 811 1633 regno
858 1546 1144 1613 Cinarae.
1189 1546 1459 1631 Desine,
1507 1548 1786 1613 dulcium

347 1682 555 1747 Mater
597 1704 783 1747 saeva
827 1681 920 1749 Cu
964 1683 1209 1748 idinum
1221 1732 1240 1766 ,
2160 1696 2194 1748 ὅ

435 1764 622 1832 Circa
664 1767 867 1831 lustra
953 1788 1127 1831 ecem
1168 1766 1422 1831 flectere
1464 1767 1767 1832 mollibus

348 1850 486 1915 Iam
530 1849 775 1914 durum‘
800 1850 1117 1933 imperiis:
1163 1851 1299 1931 abi,

436 1932 573 2008 Quo
618 1931 888 1998 blandae
930 1933 1230 1997 iuvenum
1273 1935 1338 1997 te
1378 1935 1681 1998 revocant
1722 1955 1961 2017 preces.

348 2065 812 2149 Tempestivius
855 2065 927 2129 in
969 2066 1229 2130 domum

433 2149 640 2214 Paulli
716 2171 760 2234 p
881 2150 1048 2214 ureis
1094 2150 1223 2214 ales
1270 2150 1581 2236 oloribus,
2130 2167 2196 2218 ιο

349 2199 789 2299 Comissassere
905 2234 1126 2318 aximi,

431 2316 502 2382 Si
543 2320 785 2383 torrere
828 2318 1003 2383 iecur
1046 2319 1294 2402 quaeris
1337 2319 1656 2386 idoneum.

346 2452 639 2537 Namque
682 2455 748 2517 et
787 2452 1026 2517 nobilis
1069 2456 1136 2516 et
1177 2452 1407 2517 decens

429 2535 519 2600 Et
559 2555 678 2620 pro
723 2535 1015 2600 sollicitis
1057 2557 1192 2600 non
1233 2536 1466 2602 tacitus
1509 2538 1633 2603 reis

345 2620 436 2685 Et
477 2620 733 2684 censsum
774 2640 934 2706 puer
976 2619 1207 2684 artium
2127 2636 2195 2688 1⁵

429 2703 586 2768 Late
629 2703 816 2788 signa
856 2703 1019 2767 feret
1060 2704 1326 2770 miliiziae
1367 2709 1541 2790 tuae,

342 2838 433 2904 Et
475 2838 854 2921 quandoque
941 2840 1221 2903 otentior

427 2922 624 3008 Largi
665 2943 915 2987 muneri
957 2944 1033 2987 us
1077 2923 1292 2986 riserit
1332 2923 1593 3007 aemuli,

343 3006 634 3071 Albanos
676 3027 877 3090 prope
917 3009 980 3069 te
1022 3006 1199 3071 lacus

427 3090 636 3155 Ponet
676 3110 1097 3154 marmoream
1141 3090 1257 3154 sub
1302 3091 1481 3155 trabe
1526 3092 1738 3158 citrea..
2126 3107 2195 3157 20

342 3223 488 3289 Illic
529 3224 804 3308 plurima
843 3223 1106 3288 naribus

429 3306 638 3372 Duces
683 3312 857 3407 tura?
902 3309 1197 3392 lyraeque
1243 3311 1310 3373 et
1349 3308 1766 3393 Berecyntiae

344 3390 760 3456 'Delectabere
801 3393 996 3457 tibiae

427 3475 653 3541 Mixtis
696 3476 1079 3542 carminibus
1121 3498 1259 3542 non
1301 3477 1440 3543 sine
1481 3478 1720 3563 fistula3

1808 3581 1884 3633 6·
