2514 3950
304 180 531 237 LXXIV
802 179 902 233 DE
938 177 1213 235 METRIS
1248 176 1720 233 HORATIANIS.

306 332 449 407 phia
507 330 600 389 vel
655 331 884 406 spreta,
943 329 1019 388 de
1070 329 1293 404 pedum
1343 326 1628 400 modulis,
1690 325 1765 384 de
1828 325 2089 385 caesuris
2153 327 2224 385 et

306 418 575 496 numeris
617 435 926 494 versuum,
973 418 1047 477 de
1092 417 1338 476 elisione
1383 417 1446 474 et
1489 414 1768 491 synizesi,
1812 413 1888 474 de
1932 413 2104 472 hiatu
2147 431 2222 472 ac

309 505 622 583 positionis
669 505 906 581 legibus
954 508 1016 564 et
1057 504 1352 580 producta
1392 502 1559 562 finali
1602 501 1946 578 plenissime
1992 501 2219 577 exposi-

310 598 440 653 tum
484 597 547 654 in
591 595 909 654 summario
953 595 1041 653 rei
1082 594 1352 652 metricae
1383 596 1693 665 poetarum
1727 590 2097 657 Latinorum,
2144 607 2224 649 ex

312 683 478 744 cuius
521 682 714 741 indice
759 682 934 742 facile
976 682 1179 757 potest
1229 679 1533 756 intellegi,
1593 697 1710 756 quo
1764 696 2035 755 quaeque
2087 678 2224 737 loco

313 770 433 830 sint
474 773 751 831 tractata.

1055 954 1479 965 Μ

972 1180 1201 1249 Istra
1242 1179 1559 1246 Horatii.

1229 1368 1309 1424 A.

401 1503 448 1562 Ῑ.
493 1502 925 1562 Hexameter
970 1502 1399 1578 dactylicus.

775 1615 970 1652 -oe..
1049 1601 1385 1665 vv-loe..
1447 1612 1803 1653 ω..υυ-ῦ

772 1668 1804 1741 ..ω-(Ι)ῦῦ-Ιω-1ω-υυ-ῦ

775 1754 970 1792 -ῦῦ-
1047 1739 1386 1813 ω..υ1υ-
1448 1753 1803 1793 ῦῦ..υυ-ῦ

317 1836 448 1895 Ηοο
475 1834 842 1909 conscriptae
871 1838 1112 1896 saturae
1139 1839 1202 1896 et
1228 1836 1541 1913 epistulae.
1590 1834 1899 1911 Spondeus
1926 1834 1989 1893 in
2016 1835 2236 1911 quinto

315 1925 446 1985 loco
489 1921 791 1999 reperitur
835 1942 924 2000 ep.
966 1942 1041 2003 11,
1089 1926 1149 2002 3,
1195 1927 1343 1985 466.

403 2065 484 2127 H.
531 2051 890 2125 Trimeter
933 2066 1309 2126 iambicus.

766 2164 1780 2229 vzzufflvlfflumu-uu

317 2260 631 2320 Invenitur
668 2257 868 2336 etiam,
906 2259 1011 2318 sed
1047 2259 1353 2334 aliquanto
1388 2258 1585 2316 rarius
1621 2273 1867 2318 caesura
1889 2261 2028 2332 post
2058 2260 2235 2331 septi-

317 2365 478 2407 mum
520 2347 887 2421 semipedem:
940 2363 1094 2422 quae
1138 2346 1245 2404 ubi
1288 2345 1487 2419 adest,
1541 2346 1649 2403 aut
1689 2348 1829 2419 post
1874 2345 2035 2405 arsin
2080 2345 2236 2406 alte·

319 2454 471 2598 ἒὲξιᾶ
522 2437 666 2583 εέινίιῌ
697 2436 836 2510 post
905 2434 1107 2493 thesin
1177 2433 1421 2493 tertiam
1504 2433 1657 2492 solet
1725 2432 1885 2493 finiri
1951 2432 2233 2495 verbum.

1233 2646 1309 2702 B.

451 2782 683 2859 Epodi
743 2784 1042 2859 praeter
1119 2782 1501 2856 septimum
1575 2783 1925 2843 decimum
1988 2803 2235 2845 omnes

321 2872 662 2930 constant
707 2869 1138 2947 systematis
1183 2888 1517 2930 versuum
1562 2871 1906 2931 binorum.

444 2959 728 3035 Lyrica
790 2961 1046 3017 autem
1111 2960 1487 3036 exemplo,
1552 2963 1638 3020 ut
1695 2960 1926 3035 putat
1987 2958 2234 3019 Lach-

322 3065 657 3121 mannu8‚
721 3045 998 3121 Alcaei,
1069 3049 1592 3122 quaternorum
1652 3063 1989 3108 versuum
2060 3062 2234 3107 con-

320 3135 653 3195 tinentur
690 3133 1148 3209 systematis:
1191 3152 1351 3193 nam
1393 3136 1578 3210 quod
1616 3135 1843 3195 solum
1880 3132 2044 3191 huic
2078 3133 2236 3211 legi

320 3221 761 3295 adversatur
833 3238 1117 3281 carmen
1185 3241 1304 3297 1111,
1381 3224 1448 3295 8,
1528 3223 1599 3281 id
1669 3239 1839 3281 vero
1910 3221 2235 3298 interpo-

320 3310 638 3371 latorum
712 3307 1026 3369 libidine
1099 3310 1558 3385 corruptelas
1640 3309 1875 3369 traxit
1946 3310 2233 3387 gravis-

322 3415 548 3456 simas.
