2514 3950
274 192 525 268 mu]
1055 193 1273 248 LIBER
1312 193 1412 250 111.
2124 185 2207 250 75

274 358 433 423 Pars
476 356 722 421 inclusa
765 355 1078 420 caloribus

359 441 587 505 Mundi
627 461 748 505 nec
789 440 1020 504 boreae
1063 439 1408 504 finitimum
1452 440 1620 504 latus

276 522 681 608 Durataeque
722 525 860 589 solo
903 525 1083 588 nives

359 609 778 675 Mercatorem
820 608 1119 694 abigunt,
1163 608 1424 673 horrida
1470 607 1684 672 callidi
2138 619 2206 667 40

275 727 563 793 Vincunt
604 748 881 811 aequora
923 726 1204 810 navitae,

359 812 671 909 Magnum
711 812 1046 896 pauperies
1091 810 1506 894 opprobrium
1555 809 1734 874 iubet

274 895 540 972 Quidms
575 899 640 959 et
681 896 889 959 facere
934 897 999 958 et
1085 895 1204 976 ati,

359 979 760 1061 Virtutisque
801 978 975 1041 viam
1061 978 1251 1041 eserit
1293 977 1545 1042 arduae.

276 1095 404 1160 Vel
444 1114 565 1157 nos
607 1094 679 1156 in
721 1092 1140 1175 Capitolium,
2141 1105 2206 1154 45

365 1178 504 1253 Quo
550 1178 790 1241 clamor
830 1178 1017 1239 vocat
1060 1177 1124 1239 et
1162 1175 1351 1239 turba
1391 1175 1772 1259 faventium,

276 1261 403 1328 Vel
445 1281 565 1325 nos
610 1260 679 1324 in
720 1281 895 1324 mare
931 1258 1299 1356 proximum

367 1345 667 1412 Gemmas
711 1347 786 1410 et‘
815 1343 1059 1428 lapldes
1103 1364 1328 1407 aurum
1372 1345 1437 1409 et
1477 1343 1731 1427 inutile,

275 1463 526 1531 Summi
569 1463 900 1528 materiem
942 1462 1126 1545 mali,

363 1547 729 1631 Mittamus,
774 1547 1084 1612 scelerum
1129 1545 1184 1610 si
1225 1545 1390 1610 bene
1433 1546 1741 1630 paenitet.
2145 1556 2213 1605 50

276 1631 622 1697 Eradenda
665 1631 980 1716 cupidinis

363 1716 553 1780 Pravi
597 1718 748 1779 sunt
789 1716 1103 1780 elementa
1144 1716 1211 1778 et
1252 1717 1509 1780 tenerae
1551 1714 1745 1778 nimis

276 1834 530 1899 Mentes
574 1855 642 1896 as
691 1832 997 1897 erioribus

365 1916 647 1982 Forman
691 1936 765 1979 ae
809 1915 1055 1979 studiis,
1143 1913 1370 1979 Nescit
1412 1934 1573 1997 equo
1617 1913 1792 1977 rudis

276 1997 563 2065 Haerere
605 2000 923 2083 ingenuus
965 2019 1123 2082 puer
2146 2005 2212 2054 55

366 2082 730 2165 Venarique
770 2082 987 2165 timet,
1031 2080 1248 2144 ludere
1293 2080 1567 2165 doctior,

282 2202 412 2268 Seu
457 2201 699 2266 Graeco
742 2199 962 2263 iubeas
1005 2198 1264 2283 trocho,
1457 2250 1462 2253 ,

369 2284 495 2351 Seu
535 2284 721 2348 malis
763 2284 959 2348 vetita
999 2283 1247 2369 legibus
1292 2284 1457 2368 alea,

280 2369 450 2435 Cum
490 2368 744 2453 periura
783 2368 984 2452 patris
1027 2367 1184 2431 fides

371 2452 751 2519 Consortem
794 2452 1037 2516 socium
1079 2451 1268 2515 fallat
1310 2454 1376 2515 et
1417 2451 1739 2536 hospitem
1752 2501 1771 2537 ,
2146 2463 2213 2512 60

283 2571 687 2657 Indignoque
728 2570 1066 2653 pecuniam

368 2653 606 2719 Heredi
693 2655 965 2737 roperet.
1055 2651 1314 2718 Scilicet
1355 2654 1663 2744 inprobae

280 2738 598 2805 Crescunt
689 2737 926 2823 'vitiae3
969 2739 1187 2803 tamen

369 2823 601 2889 Curtae
643 2822 858 2886 nescio
904 2821 1056 2905 quid
1099 2844 1349 2906 semper
1388 2822 1569 2886 abest
1607 2822 1719 2884 rei.

1130 3073 1353 3150 XXV.
2023 3093 2242 3211 ffffis'
2266 3063 2358 3162 ff

287 3209 428 3285 Quo
469 3232 603 3293 me,
646 3208 931 3369 1323:th
931 3208 1158 3299 Q&
1571 3263 1688 3271 rrrrr
1982 3186 1997 3209 L

370 3293 682 3357 Plenum?
829 3315 904 3357 ae
931 3210 1341 3356 nemorayagffi}
1406 3312 1524 3356 uos
1547 3261 2052 3378 agor-iffssspecus
2062 3338 2083 3374 ‚

289 3375 494 3443 Velox
535 3398 683 3441 men
789 3376 1001 3441 nova?
1065 3376 1308 3451 Quibus
1823 3383 1828 3394 “

369 3460 596 3525 Antris
641 3462 884 3545 egregii
928 3459 1214 3526 Caesaris
1260 3461 1479 3525 audiar
