2514 3950
414 146 530 208 144
1149 146 1574 202 sArmARVM
2215 148 2332 221 [η

404 326 473 376 60
537 312 691 394 Sed,
737 311 906 395 quod
949 331 1153 393 eram,
1196 330 1407 391 narro.
1480 309 1885 392 Respondes,
1929 311 2004 374 ut
2043 311 2193 374 tuus
2237 314 2332 376 est

1616 414 1812 477 mos,-

528 481 765 546 Pauca:
800 481 988 563 abeo,
1022 482 1086 544 et
1113 499 1375 543 revocas
1402 498 1577 543 nono
1607 481 1758 561 post
1782 499 2002 543 mense
2030 478 2331 563 iubesque

528 565 690 631 Esse
711 565 782 629 in
802 564 1152 628 amicorum
1171 583 1459 627 numero,
1517 562 1829 647 Magnum
1861 560 1986 627 hoc
2007 583 2127 648 ego
2150 562 2330 646 duco,

533 649 718 725 Quod
758 648 972 733 placui
1013 647 1133 711 tibi
1211 647 1321 731 qui
1362 647 1537 731 turpi
1579 647 1855 711 secernis
1899 645 2235 711 honestum
2250 697 2270 731 ,

529 733 683 800 Non
717 736 904 830 patre
946 695 1273 815 praecsaro
1319 730 1429 795 sed
1472 731 1605 795 vita
1648 734 1713 795 et
1752 732 2007 814 pectore
2049 753 2230 815 puro.

404 829 470 881 65
534 818 735 901 Atqui
781 817 836 880 si
877 815 1049 881 vitiis
1092 815 1517 880 mediocribus
1562 837 1635 880 ac
1677 836 1820 879 mea
1905 815 2079 880 aucis

531 901 906 966 Mendosast
945 903 1204 983 natura,
1250 900 1378 963 alio
1423 899 1491 963 ui
1533 903 1734 984 recta,
1779 921 1855 964 ve
1881 902 1955 964 ut
1996 899 2051 964 si

531 985 816 1070 Egregio
861 986 1183 1069 inspersos
1227 1005 1410 1068 repre
1459 984 1654 1048 endas
1698 1005 1964 1068 corpore
2005 1004 2278 1067 naevos,

534 1068 603 1136 Si
644 1091 850 1154 neque
894 1070 1225 1134 avaritiam
1261 1090 1469 1152 neque
1510 1069 1727 1133 sordes
1769 1090 1891 1133 nec
1918 1069 2087 1133 mala
2129 1069 2341 1134 lustra.

533 1154 784 1220 Obiciet
824 1176 970 1219 vere
1056 1155 1351 1238 uisquam
1392 1152 1582 1236 mihi,
1626 1174 1822 1237 purus
1867 1156 1932 1218 et
1971 1153 2196 1218 insons

405 1252 473 1301 70
529 1237 622 1303 Vt
661 1260 764 1303 me
808 1239 1015 1303 collau
1059 1260 1159 1303 em
1236 1237 1293 1301 si
1336 1240 1403 1302 et
1442 1237 1586 1302 vivo
1632 1258 1813 1302 carus
1857 1236 2106 1302 amicis:

532 1322 740 1389 Causa
780 1323 906 1388 fuit
991 1326 1126 1388 ater
1166 1287 1270 1386 fiis
1283 1372 1302 1406 ‚
1349 1321 1459 1405 qui
1501 1343 1713 1387 macro
1757 1343 1998 1406 pauper
2039 1322 2253 1419 agello

529 1407 759 1473 Noluit
800 1408 871 1471 in
992 1407 1094 1471 avi
1136 1406 1359 1471 ludum
1400 1427 1503 1470 me
1546 1407 1831 1491 mittere,
1874 1427 2094 1491 magm

533 1492 675 1567 Quo'
714 1492 897 1576 pueri
940 1491 1195 1588 magnis
1240 1513 1276 1555 e
1320 1490 1795 1556 centurionibus
1840 1492 1994 1574 orti,

530 1575 741 1640 Laevo
788 1597 1081 1659 suspensi
1124 1575 1369 1640 loculos
1411 1575 1816 1659 tabulamque
1859 1575 2096 1639 lacerto
2108 1622 2129 1658 ,

403 1672 471 1722 ¹75
535 1660 730 1724 Ibant
770 1662 1032 1725 octonos
1062 1658 1407 1724 referentes
1452 1659 1671 1724 Idibus
1716 1659 1908 1741 aeris,

533 1743 659 1809 Sed
699 1746 1029 1828 puerumst
1071 1765 1261 1808 ausus
1303 1743 1576 1808 Romam
1616 1747 1870 1828 portare
1913 1743 2275 1808 docendum

530 1828 723 1892 Artes
733 1876 752 1911 ‚
799 1849 954 1912 quas
999 1828 1225 1893 doceat
1308 1828 1470 1893 uivis
1501 1849 1691 1913 eques
1721 1831 1909 1912 atque
1951 1830 2211 1892 senator

537 1912 752 1979 Semet
791 1915 1163 2000 prognatos.
1315 1916 1513 1978 estem
1557 1934 1894 1998 servosque
1938 1914 2315 1998 sequentes,

529 1998 610 2063 In
651 2020 889 2085 magno
933 2002 1007 2064 ut
1046 1998 1318 2097 populo,
1364 1999 1529 2083 siqui
1571 1998 1863 2081 vidisset,
1909 1998 2081 2062 avita

402 2095 471 2145 80
532 2083 634 2148 Ex
674 2104 743 2146 re
785 2084 1078 2167 praeben
1120 2085 1411 2168 sumptus
1454 2082 1614 2148 mihi
1656 2082 1938 2147 crederet
1977 2082 2145 2147 illos.

529 2168 678 2250 Ipse
720 2166 881 2229 mihi
925 2170 1139 2231 custos
1182 2168 1770 2251 incorruptissimus
1815 2189 2035 2232 omnes

531 2249 787 2315 Circum
831 2249 1121 2315 doctores
1167 2251 1404 2316 aderat.
1480 2251 1646 2327 Quid
1688 2252 1931 2316 multa?
1999 2251 2348 2337 Pudicam,

531 2334 655 2409 Qui
697 2334 939 2418 primus
982 2335 1234 2400 virtutis
1278 2335 1515 2420 honOS,
1560 2337 1834 2401 servavit
1876 2337 1957 2401 ab
2001 2336 2181 2401 omni

527 2418 682 2483 Non
710 2418 918 2484 solum
960 2419 1131 2485 facto
1143 2468 1162 2503 ‚
1208 2442 1429 2485 verum
1458 2421 1802 2505 opprobrio
1835 2442 2083 2506 quoque
2123 2423 2315 2506 tus-pi
2328 2470 2349 2506 ,

399 2513 468 2564 85
531 2501 671 2568 Nec
712 2502 955 2587 timuit,
1003 2505 1124 2569 sibi
1165 2526 1249 2569 ne
1293 2506 1449 2570 vitio
1496 2506 1638 2589 quis
1680 2508 1982 2589 verteret,
2027 2505 2185 2569 olim

529 2585 599 2650 Si
640 2608 868 2670 praeco
913 2610 1142 2671 parvas
1187 2592 1326 2671 aut,
1370 2592 1444 2653 ut
1483 2590 1609 2653 fuit
1650 2590 1788 2674 ipse
1802 2638 1822 2675 ,
1868 2592 2122 2655 coactor

525 2670 851 2737 Mercedes
896 2694 1216 2758 sequerer;
1261 2694 1467 2757 neque
1498 2695 1853 2821 egohessem
1896 2675 2175 2758 questus.
2247 2675 2355 2741 At

1664 2778 1740 2823 oc
1770 2780 1942 2824 nunc

525 2840 692 2905 Laus
736 2842 833 2906 illi
878 2840 1143 2906 debetur
1186 2843 1251 2906 et
1293 2863 1332 2905 a
1373 2863 1475 2906 me
1518 2843 1732 2926 gratia
1773 2844 1995 2907 maior.

524 2923 639 2988 Nil
680 2946 782 2988 me
826 2925 1150 3008 paeniteat
1193 2947 1421 2990 sanum
1463 2928 1663 3011 patris
1707 2926 1924 3011 huius,
1971 2947 2172 3011 eoque

398 3019 467 3069 90
530 3006 684 3072 Non
758 3011 832 3071 ut
858 3029 1095 3093 magna
1123 3009 1271 3073 dolo
1314 3011 1555 3075 factum
1584 3013 1781 3098 negat
1809 3033 1946 3076 esse
1990 3032 2104 3075 suo
2149 3033 2355 3098 pam,

526 3056 713 3187 Quod
754 3111 890 3154 non
931 3092 1002 3155 in
1050 3114 1246 3158 enuos
1290 3093 1523 3159 habeat
1565 3096 1894 3180 clarosque
1937 3098 2280 3181 parentes,

527 3173 633 3239 Sic
674 3196 777 3239 me
822 3175 1010 3241 defen
1054 3199 1178 3242 am.
1268 3177 1490 3264 Longe
1531 3202 1675 3244 mea
1718 3179 2036 3265 discrepat
2076 3180 2226 3245 isffis

525 3258 615 3322 Et
655 3280 781 3323 vox
824 3264 890 3325 et
928 3263 1125 3327 ratio:
1170 3283 1323 3326 nam
1368 3264 1422 3327 si
1463 3267 1693 3329 natura
1733 3265 1982 3329 iuberet

525 3342 588 3404 A
632 3343 820 3408 certis
864 3346 1047 3409 annis
1093 3366 1320 3409 aevum
1361 3368 1641 3413 remeare
1684 3352 2015 3433 peractum

399 3433 464 3486 95
525 3424 737 3509 Atque
760 3428 919 3492 alios
942 3430 1174 3512 legere,
1216 3429 1299 3493 ad
1317 3430 1554 3495 fastum
1580 3454 2010 3518 quoscumque
2032 3440 2357 3521 parentes
