2514 3950
372 148 493 214 140
1124 149 1548 205 sA'rmARVM
2209 149 2304 222 [V.

499 315 841 398 Certatim,
932 313 1197 378 tandem
1239 312 1448 377 fessus
1494 312 1766 376 dormire
1815 312 2022 376 viator

494 400 761 484 Incipit,
806 420 880 463 ac
923 398 1154 463 missae
1195 400 1452 482 pastum
1493 397 1844 461 retinacula
1884 397 2096 461 mulae

496 484 713 551 Nauta
751 484 936 632 p'ffier
979 503 1131 548 saxo
1174 482 1407 567 religat
1448 481 1780 565 stertitque
1824 480 2109 564 supinus.

371 582 439 632 20
500 568 763 652 Iamque
855 568 941 632 ’es
986 566 1232 648 aderat,
1276 566 1372 630 nil
1416 587 1559 630 cum
1602 564 1943 649 procedere
1988 564 2251 628 lintrem

500 652 822 720 Sentimus
837 701 856 736 ,
903 650 1105 715 donec
1148 650 1517 715 cerebrosus
1560 649 1814 733 prosilit
1855 670 2019 714 unus

497 739 597 802 Ac
639 738 848 801 mulae
890 738 1246 819 nautaeque
1292 737 1484 819 caput
1524 733 1899 817 lumbosque
1945 733 2196 818 saligno

498 821 692 886 Fuste
737 820 939 885 dolat:
987 822 1210 904 quarta
1250 819 1359 882 vix
1402 818 1655 882 demum
1698 817 2073 915 exponimur
2123 816 2313 880 hora.

503 905 632 970 Ora
671 925 1022 988 manusque
1064 907 1177 967 tua
1219 903 1489 967 lavimus
1499 951 1519 986 ,
1563 901 1838 966 Feroma
1847 948 1866 983 ‚
1911 899 2206 986 lympha3

374 1002 439 1052 25
503 989 688 1053 Milia
728 991 866 1053 tum
907 988 1126 1072 pransi
1167 988 1293 1051 tria
1333 987 1614 1071 repimus
1658 988 1848 1070 atque
1892 985 2179 1050 subimus

501 1073 861 1157 Inpositum
902 1073 1070 1138 saxis
1120 1072 1248 1137 late
1294 1070 1711 1136 candentibus
1753 1071 2002 1136 Anxur.

501 1157 647 1223 Huc
689 1160 991 1223 venturus
1036 1159 1172 1222 erat
1214 1155 1550 1221 Maecenas
1596 1154 1874 1239 optimus
1918 1157 2107 1238 atque

504 1240 838 1325 Cocceius,
883 1241 1063 1306 missi
1104 1241 1358 1325 magnis
1404 1239 1481 1303 de
1523 1240 1713 1304 rebus
1756 1241 2021 1323 uterque

502 1327 727 1412 Legati
742 1375 762 1410 ,
807 1346 1060 1392 aversos
1103 1325 1279 1389 soliti
1321 1345 1684 1408 conponere
1728 1324 1985 1388 amicos.

376 1423 444 1473 80
506 1410 634 1475 Hic
677 1411 879 1476 oculis
923 1430 1044 1496 ego
1140 1409 1153 1423 '
1318 1409 1476 1474 meis
1521 1407 1785 1492 collyria
1827 1408 2039 1491 lippus

502 1494 809 1579 Inlinere3
855 1495 1099 1559 interea
1200 1514 1464 1559 aecenas
1509 1493 1766 1557 advenit
1809 1494 1997 1575 atque

506 1578 809 1644 Cocceius
819 1625 838 1660 ‚
886 1578 1236 1661 Capitoque
1281 1577 1471 1642 simul
1512 1576 1848 1660 Fonteius,
1903 1575 1983 1639 ad
2025 1595 2319 1660 unguem

503 1662 737 1726 Factus
766 1661 959 1726 homo
1019 1661 1300 1745 Antoni,
1329 1683 1462 1726 non
1491 1664 1564 1725 ut
1590 1661 1796 1745 magis
1826 1660 2014 1742 alter,
2046 1660 2321 1724 amicus.

504 1745 764 1810 Fundos
806 1709 1062 1809 Aufidio
1106 1743 1314 1810 Lusco
1359 1748 1650 1829 praetore
1693 1745 1969 1809 libenter

379 1843 445 1893 85
510 1830 914 1914 Linquimus,
958 1830 1173 1894 insani
1212 1829 1495 1895 ridentes
1537 1829 1821 1914 praemia
1863 1828 2135 1911 scribae,

506 1914 908 1980 Praetextam
952 1918 1017 1981 et
1057 1915 1260 1980 latum
1297 1915 1546 1981 clavum
1586 1935 1949 1999 prunaeque
1990 1913 2324 1979 vatillum.

505 2000 587 2064 In
627 1998 1088 2065 Mamurrarum
1134 2000 1288 2064 lassi
1331 1999 1559 2064 deinde
1601 2000 1757 2064 urbe
1799 2020 2160 2081 manemuS,

506 2084 775 2149 Murena
860 2084 1161 2148 raebente
1205 2083 1463 2147 domum
1475 2132 1495 2167 ,
1542 2082 1853 2167 Capitone
1898 2083 2197 2148 culinam.

506 2168 776 2232 Postera
841 2189 925 2231 ux
968 2168 1171 2233 oritur
1212 2168 1414 2233 multo
1458 2167 1849 2253 gratissima:
1894 2187 2166 2250 namque

381 2265 449 2314 40
508 2251 754 2316 Plotius
799 2253 864 2314 et
904 2249 1135 2315 Varius
1182 2250 1516 2318 Sinuessae
1558 2250 1883 2337 Vergilius
1928 2273 2007 2316 ue

510 2335 896 2418 Occurrunt,
941 2335 1220 2419 animae,
1267 2337 1485 2420 quales
1528 2357 1734 2420 neque
1778 2357 1898 2401 can
1950 2335 2175 2400 'diores

508 2418 706 2482 Terra
745 2420 922 2502 tulit,
966 2442 1174 2505 neque
1218 2421 1360 2505 quis
1404 2442 1506 2484 me
1550 2421 1636 2485 sit
1678 2420 2032 2485 devinctior
2075 2419 2264 2484 alter.

510 2502 565 2567 Ο
611 2504 720 2586 qui
765 2504 1111 2586 conplexus
1156 2508 1221 2569 et
1262 2505 1498 2589 gaudia
1539 2509 1779 2587 quanta
1819 2505 2108 2569 fuerunt!

506 2585 621 2651 Nil
665 2607 784 2671 ego
830 2589 1206 2654 contulerim
1248 2589 1525 2654 iucundo
1571 2610 1763 2654 sanus
1809 2589 2034 2653 amico.

380 2683 445 2733 45
509 2670 809 2735 Proxima
853 2671 1181 2756 Campano
1224 2674 1410 2756 ponti
1497 2695 1613 2738 uae
1655 2673 1907 2755 villula,
1948 2674 2192 2737 tectum

506 2755 838 2839 Praebuit,
870 2759 934 2820 et
1008 2757 1254 2841 arochi,
1288 2778 1447 2840 quae
1514 2757 1706 2822 ebent
1716 2806 1734 2840 ,
1765 2757 1945 2841 ligna
1968 2757 2335 2839 salemque.

504 2838 677 2905 Hinc
718 2841 878 2904 muli
977 2862 1177 2925 apuae
1220 2842 1491 2906 clitellas
1533 2844 1822 2925 tempore
1919 2844 2138 2904 onunt.

504 2922 745 2988 Lusum
786 2925 841 2988 i’t
882 2924 1246 3009 Maecenas,
1295 2926 1637 2990 dormitum
1682 2947 1715 2990 e
1764 2947 1801 2990 o
1895 2924 2291 3009 ergiliusque
2308 2947 2334 2991 t

503 3007 800 3092 Namque
840 3009 978 3092 pila
1018 3009 1212 3094 lippis
1255 3010 1584 3075 inimicum
1629 3012 1694 3074 et
1761 3009 1951 3073 udere
1995 3007 2230 3073 crudis,

380 3103 447 3153 50
508 3090 683 3157 Hinc
724 3114 845 3157 nos
890 3092 1120 3158 Coccei
1161 3094 1391 3178 recipit
1429 3094 1803 3178 plenissima
1844 3094 2028 3175 villa,

508 3175 684 3251 Quae
719 3198 907 3259 super
941 3178 1039 3240 est
1061 3175 1263 3241 Caudi
1287 3198 1627 3262 cauponas.
1683 3177 1876 3243 Nunc
1898 3176 2057 3241 mihi
2089 3178 2334 3259 paucis

507 3258 826 3324 Sarmenti
869 3280 1120 3324 scurrae
1160 3283 1443 3346 pugnam
1488 3262 1809 3345 Messique
1854 3260 2077 3327 Cicirri

506 3342 694 3406 Musa
721 3343 913 3408 velim
941 3366 1286 3427 memores,
1334 3349 1402 3410 et
1443 3367 1567 3429 quo
1613 3349 1795 3429 patre
1827 3348 2017 3409 natus
2047 3347 2339 3429 uterque

446 3448 457 3458 ·
509 3424 870 3491 Contulerit
912 3428 1075 3493 lites.
1163 3428 1362 3492 Messi
1406 3430 1647 3494 clarum
1690 3451 1895 3514 genus
1942 3429 2121 3514 Osci3
