2514 3950
374 159 494 225 134
1111 162 1537 219 SATIRARVM
2176 166 2292 237 sm„

393 340 458 389 95
490 326 847 391 Prodiderit
889 326 1208 391 conmissa
1247 326 1373 390 fide
1417 343 1802 410 sponsumve
1844 348 1927 391 ne
2012 327 2141 391 rit?

492 411 648 487 Quis
690 412 871 496 paria
914 432 1050 476 esse
1092 411 1227 476 fere
1269 412 1513 495 placuit
1551 414 1842 495 peccata,
1887 412 1951 476 la
1995 415 2207 495 orant,

493 495 655 562 Cum
707 499 967 560 ventum
1022 494 1104 560 ad
1155 498 1471 560 verumst:
1540 517 1762 560 sensus
1815 517 2147 580 moresque
2197 517 2293 560 re-

1624 583 1872 666 ugnant

491 666 704 749 Atque
748 666 890 749 ipsa
929 665 1204 749 utilitas,
1247 664 1402 728 iusti
1443 603 1645 748 proge
1687 667 1891 730 mater
1940 668 2006 729 et
2045 665 2249 748 aequi.

494 748 657 815 Cum
699 752 1155 833 prorepserunt
1195 749 1419 833 primis
1461 749 1763 813 animalia
1803 750 1991 816 terris
2002 799 2020 832 ‚

379 845 467 899 loo
495 834 748 899 Mutum
801 837 866 898 et
918 837 1104 918 turpe
1158 855 1353 917 pecus
1367 883 1387 917 ,
1457 834 1810 982 glandem*ze
1820 838 2008 918 atqoe
2063 833 2296 901 cubilia

1626 940 1699 982 ro
1810 941 1843 982 r

491 1003 832 1089 Vnguibus
863 1005 928 1068 et
954 1004 1221 1101 pugnis,
1253 1002 1403 1068 dein
1430 941 1743 1086 fustibus?
1772 1006 1960 1087 atque
1989 1003 2080 1067 ita
2104 1023 2298 1086 porro

491 1087 876 1173 Pugnabant
916 1109 1110 1153 arm1s
1116 1137 1140 1186 2
1187 1109 1347 1172 quae
1389 1090 1538 1171 post
1577 1087 1998 1152 fabricaverat
2036 1109 2215 1170 usus,

492 1171 716 1238 Donec
752 1174 979 1257 -verba,
1025 1173 1252 1257 quibus
1296 1193 1484 1236 voces
1529 1193 1875 1256 sensusque
1917 1174 2246 1255 notarent,

492 1256 558 1322 N
559 1259 896 1341 Ominaque
939 1258 1269 1342 invenere3
1316 1255 1545 1321 dehinc
1588 1257 1894 1321 absistere
1935 1256 2136 1337 bello,

371 1354 468 1403 105
499 1341 751 1426 Oppida
793 1344 1141 1426 coeperunt
1181 1341 1429 1405 munire
1476 1344 1541 1405 et
1578 1362 1817 1425 ponere
1861 1342 1921 1405 le
1969 1362 2064 1423 eS,

492 1426 557 1492 N
560 1427 736 1510 equis
780 1427 886 1491 fur
918 1429 1097 1491 esset
1168 1447 1297 1490 neu
1339 1426 1534 1509 latro,
1576 1425 1847 1510 neuquis
1971 1425 2155 1491 ulter.

493 1510 664 1576 Nam
718 1510 845 1575 fuit
882 1513 1033 1574 ante
1077 1475 1392 1575 Ilelenam
1435 1531 1681 1574 cunnus
1713 1511 2055 1575 deterrima
2096 1509 2254 1573 belli

496 1595 730 1678 Causa,
776 1593 888 1658 sed
929 1594 1172 1679 ignotis
1214 1594 1542 1678 perierunt
1582 1594 1894 1659 mortibus
1936 1594 2058 1676 illi,

495 1679 669 1755 Quos
723 1699 1019 1742 venerem
1075 1678 1385 1743 incertam
1428 1679 1747 1762 rapientes
1788 1699 1965 1743 more
2019 1679 2298 1743 ferarum

318 1776 330 1789 ‘
369 1776 468 1825 110
498 1763 758 1827 Viribus
803 1762 1032 1827 editior
1077 1764 1408 1847 caedebat,
1452 1767 1526 1826 ut
1567 1764 1637 1826 in
1679 1784 1874 1849 grege
1917 1766 2156 1827 tauruS.

494 1848 641 1912 Iura
682 1847 947 1912 inventa
988 1851 1162 1912 metu
1204 1847 1427 1912 iniusti
1469 1847 1706 1912 fateare
1750 1852 2097 1929 necessest,

494 1932 808 2018 Tempora
850 1932 906 1998 si
946 1933 1272 2018 fastosque
1314 1932 1471 1998 velis
1518 1933 1805 1998 evolvere
1846 1931 2087 1997 mundi.

493 2018 559 2084 N
561 2040 633 2084 ec
674 2022 903 2083 natura
944 2020 1158 2102 potest
1199 2019 1368 2082 iusto
1414 2038 1741 2092 secernere
1783 2018 2103 2101 iniquum,

493 2102 740 2167 Dividit
779 2106 855 2167 ut
894 2103 1065 2165 bona
1107 2102 1401 2184 diversis,
1444 2101 1753 2187 fugienda
1793 2100 2114 2186 petendis3

370 2200 468 2249 115
497 2187 562 2252 N
564 2207 635 2251 ec
654 2186 871 2250 vincet
887 2185 1049 2250 ratio
1072 2187 1214 2269 hoc,
1243 2186 1618 2251 tantundem
1638 2190 1713 2250 ut
1791 2188 1965 2250 eccet
1985 2185 2293 2270 idemque,

496 2271 619 2345 Qui
660 2273 916 2334 teneros
963 2270 1172 2334 caules
1216 2271 1410 2334 alieni
1453 2271 1721 2355 fregerit
1809 2270 1936 2335 orti

494 2354 584 2419 Et
626 2354 734 2437 qui
776 2356 1125 2419 nocturnus
1171 2376 1352 2421 sacra
1395 2355 1611 2420 divum
1655 2355 1901 2440 legerit.
1975 2354 2168 2419 Adsit

492 2438 771 2523 Regula,
815 2440 1094 2522 peccatis
1140 2461 1299 2524 quae
1340 2461 1581 2524 poenas
1625 2440 1880 2524 inroget
1922 2460 2186 2523 aequas,

494 2522 595 2588 Ne
641 2522 880 2587 scutica
922 2524 1188 2609 dignum
1229 2524 1523 2588 horribili
1569 2526 1808 2588 sectere
1850 2523 2125 2608 flagello.

371 2620 468 2670 120
496 2606 561 2673 N
563 2628 667 2671 am
708 2610 781 2671 ut
821 2607 1023 2673 ferula
1066 2608 1290 2673 caedas
1334 2608 1632 2673 meritum
1673 2608 1920 2672 maiora
1949 2607 2172 2671 subire

493 2690 804 2777 Verbera,
848 2714 983 2757 non
1024 2713 1276 2775 vereor,
1322 2713 1468 2757 cum
1511 2693 1685 2758 dicas
1729 2714 1867 2757 esse
1908 2712 2094 2775 pares
2135 2712 2251 2754 ¹res

492 2777 688 2841 Furta
726 2776 1081 2848 latrociniis
1127 2779 1191 2841 et
1231 2777 1485 2861 magnis
1528 2799 1723 2861 parva
1765 2776 2026 2841 mineris

493 2861 682 2926 Falce
725 2862 1075 2926 recisurum
1117 2861 1311 2926 simili
1353 2865 1448 2945 te,
1495 2862 1550 2925 si
1591 2861 1713 2926 tibi
1753 2882 2023 2947 regnum

315 2959 319 2964 ’
429 2964 434 2968 ’
492 2945 878 3009 Permittant
918 2944 1228 3010 homines,
1306 2945 1374 3010 Si
1413 2946 1623 3030 dives,
1670 2946 1778 3030 qui
1811 2945 2074 3029 sapiens
2119 2947 2266 3029 est,

365 3041 465 3093 125
495 3029 585 3093 Et
626 3032 804 3093 sutor
846 3029 1052 3093 bonus
1093 3033 1161 3094 et
1204 3031 1378 3095 solus
1420 3030 1739 3094 formosus
1784 3033 1852 3095 et
1891 3032 1992 3094 ost
2030 3049 2172 3111 rex,

497 3111 625 3177 Gur
669 3114 854 3195 optas
898 3112 1067 3196 quod
1108 3113 1351 3179 habes?
1435 3113 1610 3181 ‘Non
1651 3115 1857 3196 nosti,
1903 3112 2057 3197 quid
2098 3111 2309 3197 pater‘

1579 3199 1650 3263 in
1694 3199 1791 3263 uit

493 3279 911 3365 ‘Chrysippus
972 3282 1173 3347 dicat:
1248 3284 1501 3377 sapiens
1569 3220 1859 3366 crelpidas
1926 3282 2048 3346 sibi
2117 3303 2336 3346 num·

1626 3388 1775 3431 uam
1835 3421 1847 3433 .

491 3445 632 3512 Nec
676 3448 881 3513 soleas
926 3449 1112 3534 fecit,
1160 3452 1336 3514 sutor
1380 3390 1725 3515 tamenqest
1753 3452 2052 3536 sapiens?
2129 3449 2330 3525 Qui?
