2514 3950
239 179 530 251 xxxnu.]
1050 180 1267 234 LIBER
1308 180 1350 239 L

402 340 617 425 Cogor
658 341 947 406 relictos:
1002 363 1153 405 nam
1197 362 1277 405 ue
1318 340 1665 425 Diespiter,

403 423 553 509 Igm'
597 446 859 490 corusco
903 424 1128 490 nubila
1155 362 1457 490 ffiividens

483 508 864 592 Plerumque
879 558 897 592 ,
943 530 1059 593 per
1146 531 1333 572 urum
1374 512 1673 574 tonantes

575 591 736 677 Egit
779 614 975 676 equos
1020 614 1099 657 vo
1131 614 1469 676 ucremque
1514 615 1797 678 currum3

403 708 541 785 Quo
586 710 775 774 bruta
815 709 1007 774 tellus
1051 714 1115 774 et
1157 731 1325 795 vaga
1365 710 1630 775 flumina
1638 760 1658 794 ‚

404 792 542 869 Quo
587 793 745 877 Styx
788 796 853 857 et
895 794 1086 858 invisi
1128 793 1389 859 horrida
1432 793 1705 859 Taenari

487 875 678 942 Sedes
723 877 1063 942 Atlanteus
1109 900 1188 943 ue
1231 878 1378 942 finis

579 961 972 1026 Concutitur.
1111 962 1238 1026 alet
1279 962 1410 1025 ima
1452 963 1715 1027 summis

400 1077 649 1141 Mutare
695 1080 759 1141 et
799 1077 1123 1161 insignem
1165 1081 1456 1142 attenuat
1498 1078 1650 1143 deus
1661 1127 1680 1161 ‚

404 1160 690 1226 Obscura
728 1181 1060 1245 promens3
1105 1160 1257 1225 hinc
1302 1162 1547 1245 apicem
1589 1183 1787 1245 rapax

485 1244 771 1309 Fortuna
815 1265 959 1308 cum
1003 1244 1272 1309 stridore
1317 1248 1503 1310 acuto

577 1327 875 1412 Sustulit,
920 1327 1026 1393 hic
1067 1329 1356 1413 posuisse
1399 1329 1654 1413 gaudet.

1040 1585 1331 1659 XXXV.

400 1717 454 1782 Ο
500 1717 674 1799 diva,
718 1719 975 1801 gratum
1017 1737 1180 1798 quae
1222 1717 1394 1802 regis
1444 1717 1738 1802 Antium,

398 1801 706 1865 Praesens
747 1800 850 1865 vel
892 1800 1022 1864 imo
1064 1799 1291 1864 tollere
1336 1801 1413 1865 de
1455 1802 1661 1886 gradu

483 1883 757 1948 Mortale
801 1904 1029 1966 corpus
1075 1883 1176 1946 vel
1219 1883 1526 1966 superbos

574 1966 840 2032 Vertere
882 1966 1211 2031 funeribus
1254 1967 1643 2053 triumphos,

400 2084 490 2148 Te
532 2105 773 2181 pauper
815 2083 1017 2147 ambit
1059 2083 1335 2147 sollicita
1375 2105 1561 2167 prece

397 2167 588 2233 Runs
635 2168 928 2251 colonus,
971 2170 1037 2231 te
1082 2167 1405 2231 dominam
1448 2168 1766 2253 aequoris,

390 2301 397 2310 .
483 2251 876 2336 Quicumque
920 2251 1201 2335 Bithyna
1243 2252 1503 2317 lacessit

576 2335 992 2421 Carpathium
1032 2335 1302 2421 pelagus
1347 2337 1579 2401 carina.

398 2453 488 2517 Te
532 2451 744 2518 Dacus
791 2475 1006 2537 asper,
1049 2455 1116 2518 te
1157 2453 1418 2539 profugi
1461 2453 1765 2537 Scythae,

395 2535 727 2621 Vrbesque
769 2540 1121 2622 gentesque
1164 2540 1229 2602 et
1257 2536 1514 2603 Latium
1555 2538 1762 2620 ferox,

481 2619 577 2684 Re
736 2641 857 2703 que
898 2622 1134 2686 matres
1177 2621 1595 2688 barbarorum
1638 2625 1702 2686 et

629 2704 887 2788 urpurei
928 2707 1223 2770 metuunt
1264 2706 1556 2789 tyranni,

396 2820 713 2886 Iniurioso
757 2844 840 2886 ne
882 2822 1043 2906 pede
1085 2845 1349 2906 proruas

397 2903 687 2970 Stantem
732 2906 1122 2988 columnam,
1167 2928 1294 2970 neu
1334 2905 1610 2989 populus
1653 2905 1950 2989 frequens

479 2988 584 3052 Ad
628 3011 832 3072 arma,
879 2991 1198 3054 cessantes
1243 2988 1322 3052 ad
1366 3010 1542 3052 arma

574 3070 870 3137 Concitet
910 3073 1371 3156 imperiumque
1413 3073 1686 3156 frangat.

395 3188 485 3253 Te
529 3210 777 3272 semper
819 3189 984 3253 antit
1028 3211 1211 3254 serva
1255 3188 1651 3272 Necessitas,

396 3270 625 3337 Olavos
666 3272 942 3338 trabales
987 3281 1052 3337 ct
1093 3295 1328 3339 cuneos
1370 3296 1564 3339 manu

480 3354 748 3421 Gestans
793 3356 1025 3441 ahena,
1069 3379 1190 3423 nec
1233 3380 1486 3423 severus

568 3437 786 3507 Vncus
830 3442 1011 3507 abest
1053 3442 1484 3527 liquidumque
1527 3444 1878 3526 plumbum.

2081 174 2162 239 27

2099 808 2164 857 10

2097 1261 2161 1309 15

2092 2550 2160 2600 10

2090 3001 2153 3051 15
