2514 3950
343 108 464 222 119

334 456 395 504 15

322 873 388 924 20

312 1294 377 1342 25

304 1712 370 1761 30

294 2133 358 2181 35

283 2553 349 2601 40

272 2971 336 3020 45

263 3392 330 3440 50

1156 124 1454 183 EPODON

542 278 623 343 In
666 280 790 346 ube
834 303 909 347 co
988 307 1094 369 us,
1139 289 1325 371 quale
1367 296 1587 374 posset
1626 296 1802 381 inpia

708 365 889 431 ollire
986 368 1248 435 hracum
1291 377 1579 463 pectora3

547 445 841 534 Canidia,
885 451 1183 518 brevibus
1226 457 1533 541 inplicata
1575 462 1808 547 viperis

634 529 857 599 Orines
902 539 967 599 et
1009 537 1407 623 incomptum
1451 550 1643 629 caput
1658 596 1678 631 ,

536 613 724 681 Iubet
766 620 1071 702 sepulcris
1116 625 1448 707 caprificos
1492 633 1734 716 erutas,

627 699 815 765 Iubet
866 724 1198 787 cupressus
1242 708 1541 778 funebres

532 781 622 846 Et
663 787 856 849 uncta
903 790 1108 873 turpis
1152 813 1274 857 ova
1314 816 1507 861 ranae
1551 803 1861 886 sanguine

626 866 1040 954 Plumamque
1083 879 1431 944 nocturnae
1475 883 1693 969 strigis

526 948 901 1037 Herbasque
912 1004 932 1039 ,
979 978 1133 1041 quas
1177 959 1389 1027 Iolcos
1434 968 1624 1049 atque
1665 967 1932 1036 Hiberia

621 1033 825 1102 Mittit
864 1061 1253 1108 venenorum
1298 1046 1505 1131 ferax,

527 1116 620 1184 Et
654 1139 803 1186 ossa
844 1124 924 1188 ab
968 1147 1077 1191 ore
1119 1151 1192 1192 ra
1235 1132 1306 1194 ta
1347 1131 1595 1198 ieiunae
1638 1139 1814 1205 canis

618 1202 923 1273 Flammis
967 1209 1146 1275 aduri
1190 1152 1529 1281 (Bjolchjcis.

527 1286 621 1350 At
664 1291 958 1373 expedita
1001 1292 1281 1380 Sagana,
1325 1320 1441 1383 per
1482 1303 1687 1368 totam
1731 1306 1987 1374 domum

617 1370 938 1459 Spargens
982 1379 1357 1481 Avernales·
1378 1405 1606 1471 aquas,

517 1451 755 1520 Horret
797 1461 1043 1544 capillis
1085 1467 1159 1528 ut
1200 1486 1483 1533 mannus
1528 1474 1768 1557 asperis

609 1537 895 1607 Echinus
938 1548 1049 1609 aut
1088 1546 1372 1615 Laurens
1416 1573 1586 1637 aper.

514 1620 765 1687 Abacta
805 1627 984 1692 nulla
1025 1627 1189 1694 Veia
1231 1636 1621 1704 conscientia

609 1704 960 1792 Ligonibus
1006 1712 1178 1779 duris
1221 1715 1499 1787 humum·
1751 1776 1753 1789 ,

511 1787 974 1880 Exhauriebat,
1018 1797 1350 1883 ingemens
1394 1804 1749 1893 laboribus,

605 1874 742 1950 Quo
833 1883 1005 1946 osset
1044 1881 1326 1951 infossus
1374 1910 1535 1972 puer

507 1954 734 2045 Longo
845 1987 881 2029 e
924 1965 1023 2031 bis
1066 1970 1287 2054 terque
1328 1977 1607 2041 mutatae
1652 1977 1833 2063 dapis

598 2042 878 2112 Inemori
907 2054 1314 2145 spectaculo,

510 2123 673 2190 oum
714 2139 1106 2212 prommeret
1133 2157 1270 2222 ore,
1318 2146 1626 2224 quantum
1656 2151 1908 2215 exstant
1950 2172 2118 2237 aqua

596 2207 917 2295 Suspensa
956 2223 1172 2283 mento
1218 2242 1511 2308 corpora:

496 2289 779 2361 Exsucta
817 2299 913 2363 uti
953 2301 1234 2368 medulla
1276 2310 1341 2371 et
1382 2310 1627 2377 aridum
1668 2315 1843 2382 iecur

589 2378 848 2446 Amoris
893 2388 1059 2450 esset
1098 2391 1399 2471 poculum

495 2457 917 2532 Interminato
962 2490 1105 2535 cum
1149 2476 1348 2541 semel
1389 2442 1551 2544 fixae
1596 2482 1736 2547 cibo

587 2543 1026 2617 Intabuissent
1063 2559 1362 2640 pupulae.

490 2626 644 2693 Non
688 2630 963 2701 defuisse
1004 2642 1323 2708 masculae
1367 2645 1651 2714 libidinis

581 2715 1054 2787 Ariminensem
1095 2724 1376 2811 Foliam,

485 2794 576 2861 Et
617 2801 825 2867 otiosa
865 2807 1133 2872 credidit
1172 2808 1483 2897 Neapolis

576 2881 667 2948 Et
708 2907 898 2953 omne
939 2890 1220 2958 vicinum
1264 2897 1570 2981 oppidum

485 2962 657 3039 Quae
702 2970 910 3036 sidera
952 2980 1283 3044 excantata
1323 3003 1478 3047 voce
1522 2948 1830 3053 Thessala

576 3049 948 3139 Lunamque
992 3062 1165 3128 caelo
1212 3062 1461 3150 deripit.

480 3130 606 3198 Hic
648 3135 1032 3209 inresectum
1077 3167 1265 3228 saeva
1308 3149 1497 3217 dente
1540 3154 1735 3221 livido

573 3217 841 3287 Canidia
881 3227 1113 3293 rodens
1204 3232 1485 3319 ollicem,

477 3300 642 3376 Quid
687 3305 845 3371 dixit
888 3314 1001 3374 aut
1043 3313 1151 3395 qui
1236 3319 1484 3385 tacuit?
1554 3322 1632 3389 ‘O
1661 3324 1852 3390 rebus
1896 3323 2055 3393 meis

564 3385 629 3450 N
631 3407 715 3451 on
758 3390 1046 3459 infideles
1091 3397 1398 3486 arbitrae,

2183 144 2274 220 [v.
