2514 3950
312 249 322 260 ,
359 174 480 238 106
1170 167 1480 262 ‚Eronos

481 339 761 404 Pecusve
806 333 1092 401 Calabris
1137 334 1287 395 ante
1329 329 1503 393 sidus
1547 327 1860 392 fervidum

567 423 826 487 Lucana
866 419 1070 482 mutet
1110 414 1392 513 pascuis,

482 507 623 573 Nec
665 508 739 569 ut
781 501 1039 587 superni
1079 500 1236 563 villa
1279 496 1556 562 candens
1600 494 1858 558 Tusculi

358 606 426 654 30
574 589 836 656 Circaea
873 587 1100 670 tangat
1139 581 1414 647 moenia.

486 674 653 740 Satis
698 691 1009 756 superque
1050 689 1153 732 me
1196 664 1562 750 benignitas
1605 665 1717 727 tua

567 756 843 822 Ditavit:
887 751 1060 816 haud
1101 769 1441 836 paravero,

487 839 671 918 Quod
714 841 824 903 aut
866 857 1093 902 avarus
1136 838 1209 899 ut
1251 832 1557 899 Chremes
1599 834 1773 896 terra
1811 849 2130 914 premam,

570 923 935 988 Discinctus
981 923 1092 984 aut
1133 916 1397 1003 perdam
1440 936 1660 1000 nepos,

1270 1207 1365 1279 H.

489 1346 749 1411 ‘Beatus
791 1342 901 1408 ille
945 1339 1055 1424 qui
1094 1336 1321 1423 procul
1362 1335 1673 1420 negotiis,

571 1429 664 1493 Vt
705 1428 916 1514 prisca
957 1445 1117 1510 gens
1160 1420 1557 1502 mortalium,

488 1515 765 1578 Paterna
805 1531 954 1575 rura
994 1507 1200 1571 bobus
1246 1505 1496 1569 exercet
1539 1503 1701 1586 suis,

574 1596 832 1662 Solutus
877 1591 1052 1657 omni
1093 1589 1348 1671 fenore,

363 1694 395 1744 5
493 1681 594 1746 Ne
638 1701 718 1743 ue
760 1677 1069 1742 excitatur
1111 1671 1378 1737 classico
1423 1671 1607 1734 miles
1648 1670 1844 1752 truci,

571 1702 639 1828 13
638 1783 797 1846 eque
838 1760 1055 1824 horret
1097 1759 1333 1822 iratum
1375 1776 1578 1838 mare,

487 1848 846 1930 Forumque
888 1843 1051 1908 vitat
1093 1844 1157 1906 et
1199 1840 1473 1924 superba
1516 1838 1749 1902 civium

571 1930 1016 1997 Potentiorum
1055 1925 1300 1991 limina.

487 2017 580 2081 Er
625 2038 663 2082 o
708 2018 820 2079 aut
861 2012 1079 2078 adulta
1116 2010 1346 2073 vitium
1386 2007 1739 2092 propagine

366 2115 430 2164 10
661 2102 761 2163 tas
804 2097 1061 2162 maritat
1100 2094 1373 2179 populos
1382 2141 1402 2175 ‚

489 2186 622 2250 Aut
663 2183 734 2247 in
771 2181 1035 2245 reducta
1073 2178 1238 2242 valle
1280 2175 1705 2259 mugientium

572 2266 948 2349 Prospectat
991 2265 1275 2327 errantes
1324 2280 1581 2345 gregeS‚

490 2350 834 2415 Inutilesve
875 2347 1039 2412 falce
1077 2366 1294 2410 ramos
1340 2344 1675 2425 amputans

574 2433 915 2499 Feliciores
959 2431 1214 2513 inserit,

368 2532 430 2582 15
494 2520 629 2584 Aut
668 2537 887 2602 pressa
927 2516 1104 2601 puris
1147 2512 1339 2577 mella
1382 2510 1600 2576 condit
1642 2507 1965 2593 amphoris
1980 2555 2001 2591 ,

574 2603 709 2666 Aut
749 2601 974 2666 tondet
1013 2599 1301 2663 infirmas
1345 2615 1520 2680 oves3

489 2687 613 2753 Vel
656 2708 800 2751 cum
844 2685 1142 2749 decorum
1183 2679 1445 2743 mitibus
1487 2678 1697 2762 pomis
1742 2677 1935 2759 caput

575 2771 937 2835 Autumnus
983 2767 1156 2851 agris
1201 2762 1462 2845 extulit,

491 2855 584 2919 Vt
623 2854 861 2939 gaudet
900 2851 1163 2917 insitiva
1206 2847 1550 2931 decerpens
1588 2846 1731 2928 pira

365 2952 433 3001 20
581 2936 948 3002 Certantem
991 2938 1056 2999 et
1095 2951 1287 2999 uvam
1328 2950 1673 3016 purpurae,

493 3021 634 3097 Qua
674 3022 1040 3084 mimeretur
1081 3022 1176 3100 te,
1219 3016 1480 3099 Priape,
1526 3016 1592 3078 et
1630 3016 1725 3095 te,
1770 3013 1950 3095 pater

576 3104 832 3181 Silvane
844 3152 861 3184 ,
904 3106 1080 3166 tutor
1120 3100 1362 3165 finium.

491 3188 678 3253 Libet
719 3189 922 3252 iacere
966 3184 1156 3249 modo
1201 3184 1319 3247 sub
1362 3182 1625 3266 antiqua
1665 3180 1841 3262 ilice,

577 3271 773 3335 Modo
817 3270 888 3333 in
927 3268 1140 3332 tenaci
1188 3267 1498 3352 gramine.

367 3369 433 3418 25
493 3354 825 3419 Labuntur
868 3352 1013 3416 altis
1055 3351 1314 3415 interim
1355 3350 1512 3433 ripis
1556 3367 1788 3431 aquae,

579 3437 942 3513 Queruntur
984 3436 1054 3500 in
1096 3429 1273 3498 silvis
1318 3454 1465 3497 aves
1473 3481 1496 3512 ,
