2514 3950
284 230 586 305 mnu]

1080 230 1297 285 LIBER
1339 231 1435 286 111.

589 392 967 477 Conponere
1012 413 1281 479 aequus5
1327 394 1536 456 cetera
1577 392 1854 457 fluminis

587 477 742 543 Ritu
783 478 1102 561 feruntur,
1148 497 1322 541 nunc
1364 476 1573 540 medio
1619 477 1796 541 alveo

691 562 854 628 Cum
895 583 1052 646 pace
1104 561 1458 627 delabentis
1501 560 1842 626 Etruscum

771 646 852 711 In
893 669 1095 731 mare,
1138 668 1311 711 nunc
1354 646 1597 731 lapides
1642 644 1866 709 adesos

590 782 957 866 Stirpesque
997 786 1213 866 raptas
1244 785 1312 845 et
1350 803 1543 866 pecus
1586 782 1650 845 et
1689 781 1911 845 domos
2019 840 2022 844 .

587 866 922 932 Volventis
965 888 1096 930 una
1135 887 1271 930 non
1314 866 1453 930 sine
1495 865 1809 930 montium

694 948 987 1015 Clamore
1030 951 1401 1032 vicinaeque
1446 949 1670 1033 silvae,

779 1032 943 1095 Cum
984 1033 1121 1094 fera
1163 1032 1430 1096 diluvies
1479 1034 1727 1114 quietos

593 1163 823 1228 Inritat
865 1184 1104 1228 amnes.
1194 1163 1315 1227 Ille
1356 1166 1585 1247 potens
1630 1165 1728 1227 sui

592 1247 949 1331 Laetusque
994 1247 1211 1344 deget,
1256 1247 1360 1312 cui
1402 1248 1554 1311 licet
1593 1247 1664 1310 in
1708 1246 1873 1312 diem

691 1331 947 1397 Dixisse
992 1330 1192 1397 ‘Vixiz
1240 1353 1377 1396 cras
1421 1332 1524 1396 vel
1563 1334 1702 1395 atra

773 1416 963 1483 Nube
1004 1418 1226 1501 polum
1276 1419 1458 1500 pater
1502 1418 1809 1500 occupato

591 1550 714 1617 Vel
757 1552 890 1616 sole
932 1573 1123 1639 puro;
1167 1572 1303 1616 non
1343 1554 1561 1616 tamen
1604 1550 1892 1636 inritum,

591 1636 1042 1720 Quodcumque
1091 1639 1355 1720 retrost‚
1401 1636 1635 1701 efficiet
1705 1657 1910 1720 neque

691 1720 1008 1806 Diffinget
1045 1721 1479 1805 infectumque
1521 1714 1772 1805 reddet,

776 1804 961 1879 Quod
1000 1805 1254 1888 fugiens
1285 1805 1482 1869 semel
1521 1804 1682 1869 hora
1719 1806 1908 1870 vexit.

593 1937 877 2002 Fortuna
921 1956 1107 2002 saevo
1151 1938 1323 2001 laeta
1364 1938 1627 2023 negotio
1675 1940 1739 2002 et

593 2020 843 2085 Ludum
884 2019 1269 2087 insolentem
1311 2020 1527 2085 ludere
1569 2022 1864 2105 pertinax

693 2104 1104 2201 Transmutat
1144 2105 1423 2169 incertos
1465 2103 1771 2187 honores,

777 2188 967 2255 Nunc
1009 2187 1168 2252 mihi
1209 2210 1383 2253 nunc
1427 2189 1538 2253 alii
1579 2189 1877 2274 benigna.

590 2324 807 2390 Laudo
852 2326 1247 2410 manentem3
1294 2325 1350 2388 si
1393 2326 1627 2390 celeres
1672 2326 1876 2409 quatit

597 2408 873 2492 Pinnas,
915 2409 1173 2495 resigno
1220 2430 1380 2492 quae
1424 2409 1598 2473 dedit
1642 2412 1706 2474 et
1736 2431 1878 2474 mea

691 2492 946 2558 Virtute
987 2513 1091 2556 me
1133 2492 1390 2557 involvo
1433 2493 1823 2577 probamque

776 2575 1153 2660 Pauperiem
1197 2576 1334 2640 sine
1378 2576 1525 2641 dote
1570 2599 1821 2661 quaero.

589 2710 745 2777 Non
789 2713 888 2775 est
927 2732 1172 2795 meum,
1218 2712 1274 2775 si
1316 2712 1563 2797 mugiat
1604 2712 1840 2777 Africis

589 2794 799 2859 Malus
841 2796 1168 2880 procellis,
1214 2795 1297 2859 ad
1338 2797 1601 2860 miseras
1647 2818 1866 2880 preces

691 2878 1041 2944 Decurrere
1085 2883 1148 2944 et
1189 2879 1356 2944 votis
1400 2880 1662 2963 pacisci,

775 2962 876 3028 Ne
921 2962 1190 3046 Cypriae
1234 2962 1585 3046 Tyriaeque
1627 2985 1867 3029 merces

590 3097 854 3162 Addant
897 3118 1085 3161 avaro
1132 3097 1385 3161 divitias
1428 3099 1618 3163 mari:

590 3181 754 3245 Tum
797 3204 899 3245 me
942 3181 1201 3245 biremis
1244 3183 1560 3266 praesidio
1607 3184 1876 3268 scaphae

692 3265 928 3329 Tutum
972 3287 1087 3349 per
1129 3266 1422 3351 Aegaeos
1466 3269 1774 3332 tumultus

775 3353 951 3414 Aura
989 3350 1153 3415 feret
1185 3351 1604 3437 geminusque
1632 3352 1906 3418 Pollux?

391 3602 647 3643 noum.
1875 3614 1908 3663 0

2132 222 2209 287 81

2149 572 2216 621 35

2148 2036 2216 2084 50

2145 2978 2213 3027 60
