2514 3950
260 184 338 255 VJ
1045 179 1260 236 111ssssss
1287 181 1359 238 11.
2051 176 2168 241 173

257 346 335 413 Et
372 366 800 431 quoscumque
840 343 1003 408 feret
1044 344 1250 408 cultus
1295 343 1416 408 tibi
1458 343 1692 409 fundus
1733 343 2010 410 honores
2023 392 2043 428 ‚

257 433 413 496 Ante
455 430 683 494 Larem
723 431 941 514 gustet
980 428 1403 493 venerabilior
1444 427 1606 492 Lare
1651 428 1855 514 dives3

257 516 369 591 Qui
410 515 696 598 quamvis
738 513 1027 598 periurus
1072 513 1221 596 erit,
1269 513 1405 577 sine
1449 515 1643 597 gente
1656 561 1675 596 ‚
1721 515 2018 578 cruentus
2108 525 2169 575 15

257 599 568 684 Sanguine
610 599 892 663 fraterno
903 647 923 681 ‚
965 597 1303 682 fugitivus,
1347 619 1431 662 ne
1473 600 1690 661 tamen
1731 597 1829 660 illi

256 689 340 748 'ru
379 705 590 748 comes
634 683 936 766 exterior,
982 682 1038 746 si
1079 682 1390 766 postulet,
1436 682 1529 746 ire
1571 686 1870 746 recuses.'

255 766 436 833 ‘the
464 772 680 865 tegam
711 787 939 852 spurco
955 766 1196 831 Damae
1229 766 1443 831 latus?
1473 765 1667 831 Haud
1698 766 1793 830 ita
1813 765 2041 831 Troiae

252 852 348 917 Me
388 874 588 938 gessi,
635 856 884 917 certans
929 872 1178 935 semper
1218 850 1633 916 melioribus?
1715 850 1916 936 ‘Ergo

250 937 490 1020 Pauper
505 937 677 1001 eris.'
746 936 1028 1000 ‘Fortem
1047 935 1173 1000 hoc
1194 936 1478 998 animum
1499 936 1771 1000 tolerare
1789 935 2043 1018 iubebo,
2105 947 2169 997 20

250 1021 332 1085 Et
373 1019 693 1103 quondam
735 1018 982 1082 maiora
1019 1019 1160 1081 tuli.
1235 1018 1335 1082 Tu
1377 1019 1699 1102 protinus,
1742 1019 1912 1084 unde

250 1102 514 1167 Divitias
558 1103 844 1186 aerisque
886 1123 1069 1165 ruam
1079 1149 1098 1184 ,
1144 1101 1245 1166 dic
1287 1123 1517 1186 augur,
1563 1111 1865 1168 acervos?

252 1186 417 1250 ‘Dixi
462 1186 754 1269 equidem
797 1188 864 1249 et
907 1185 1081 1250 dico:
1128 1188 1342 1269 captes
1385 1188 1632 1250 astutus
1674 1187 1908 1270 ubique

250 1270 651 1335 Testamenta
704 1291 957 1353 senum,
1001 1290 1157 1353 neu,
1202 1271 1260 1334 si
1301 1270 1478 1335 vafer
1519 1291 1683 1335 unus
1727 1273 1794 1335 et
1834 1271 1994 1335 alter

248 1355 691 1420 Insidiatorem
733 1374 1034 1440 praeroso
1077 1354 1320 1439 fugerit
1361 1353 1580 1438 hamo,
2106 1370 2170 1417 25

246 1440 377 1505 Aut
419 1462 598 1525 spem
642 1440 922 1524 deponas
965 1443 1076 1504 aut
1116 1442 1318 1504 artem
1359 1439 1605 1504 inlusus
1650 1440 1925 1506 omittas.

246 1524 481 1610 Magna
522 1525 808 1589 minorve
851 1525 996 1589 foro
1039 1524 1094 1588 si
1134 1545 1237 1588 res
1282 1524 1628 1589 certabitur
1670 1525 1855 1589 olim:

245 1608 434 1674 Vivet
474 1613 617 1675 uter
659 1610 943 1693 locuples
988 1608 1127 1673 sine
1169 1609 1417 1694 gnatis,
1461 1609 1801 1693 inprobus,
1846 1610 2015 1674 ultro

245 1692 368 1769 Qui
410 1694 741 1759 meliorem
783 1693 991 1760 audax
1031 1697 1219 1759 vocet
1259 1694 1330 1759 in
1372 1694 1503 1777 ius,
1547 1694 1720 1760 illius
1764 1696 1900 1759 esto

244 1776 559 1843 Defensor
573 1804 588 1819 ·
633 1778 805 1842 fama
847 1779 1049 1842 civem
1094 1798 1408 1861 causaque
1448 1779 1727 1861 priorem
2107 1791 2174 1841 30

336 1883 513 1945 erne,
560 1828 733 1925 domi
779 1861 834 1924 si
876 1862 1111 1944 gnatus
1156 1861 1278 1925 erit
1318 1860 1667 1926 fecundave
1710 1863 1959 1927 coniux.

243 1861 527 2021 Quint&
591 1946 748 2029 puta
812 1946 921 2008 aut
976 1943 1208 2007 ‘Publi’
1269 1943 1619 2092 (gaudentll
1637 1947 2047 2028 praenomine

1460 2049 1567 2092 mo
1620 2050 1688 2093 es

243 2113 613 2200 Auriculae)
660 2113 804 2177 ‘tibi
846 2133 949 2177 me
991 2112 1191 2178 virtus
1234 2115 1347 2177 tua
1388 2112 1543 2177 fecit
1584 2112 1891 2179 amicum:

242 2197 352 2263 Ius
399 2219 632 2281 anceps
674 2198 856 2281 novi,
900 2218 1120 2262 causas
1165 2197 1503 2262 defendere
1545 2218 1835 2283 possum3

240 2281 494 2366 Eripiet
537 2282 740 2366 quivis
785 2282 1003 2347 oculos
1049 2281 1234 2348 citius
1278 2280 1440 2346 mihi
1481 2304 1674 2365 quam
1714 2285 1782 2347 te
2108 2296 2173 2348 35

240 2366 698 2450 Contemptum
723 2388 904 2432 cassa
921 2388 1085 2432 nuce
1108 2369 1445 2463 pauperet:
1475 2366 1633 2431 haec
1653 2388 1796 2431 mea
1817 2371 2047 2453 curast,

238 2450 501 2534 Nequid
527 2454 606 2520 tu
628 2452 886 2534 perdaS‚
915 2473 1043 2516 neu
1072 2472 1158 2514 sis
1186 2452 1414 2514 iocus?
1459 2449 1561 2515 Ire
1591 2450 1851 2515 domum
1879 2455 2069 2537 atque

236 2534 617 2599 Pelliculam
662 2556 880 2598 curare
921 2534 1098 2619 iube3
1142 2534 1189 2598 fi
1231 2535 1527 2619 cognitor
1568 2534 1737 2632 ipse:

237 2617 469 2682 Persta
509 2621 698 2702 atque
741 2617 1010 2702 obdura,
1056 2640 1167 2683 seu
1207 2619 1401 2683 rubra
1443 2618 1754 2685 Camcula
1796 2620 1998 2685 findet

234 2701 533 2767 Infantes
578 2705 849 2786 statuas,
901 2724 1013 2767 seu
1053 2704 1282 2789 pingui
1324 2706 1539 2769 tentus
1583 2725 1800 2768 omaso
2107 2718 2174 2768 4ο

234 2786 472 2852 Furius
515 2786 812 2851 hibernas
858 2809 1019 2852 cana
1059 2788 1206 2852 nive
1251 2791 1563 2871 conspuet
1604 2788 1824 2870 Alpes.

235 2872 505 2937 ‘Nonne
526 2872 726 2937 vides’
751 2872 979 2955 aliquis
999 2873 1213 2937 cubito
1238 2873 1514 2934 stantem
1546 2891 1747 2954 prope
1773 2873 2046 2956 tangens

229 2956 639 3040 Inquiet,‘ut
677 2957 962 3040 patiens,
1012 2958 1086 3019 ut
1128 2955 1351 3019 amicis
1396 2958 1613 3038 aptus,
1657 2958 1731 3019 ut
1772 2956 1983 3020 acer?'

228 3040 465 3106 Plures
509 3040 837 3105 adnabunt
877 3039 1111 3103 thunni
1155 3042 1221 3103 et
1264 3040 1500 3104 cetaria
1543 3043 1846 3105 crescent.

230 3123 416 3189 Sicui
459 3128 784 3208 praeterea
824 3123 1071 3188 validus
1112 3124 1280 3188 male
1323 3123 1490 3188 filius
1531 3124 1601 3188 in
1641 3146 1712 3189 re
2107 3138 2171 3188 45

228 3206 577 3274 Praeclara
618 3210 912 3274 sublatus·
948 3208 1180 3293 aletu13
1229 3229 1313 3273 ne
1355 3209 1768 3273 manifestum

228 3290 518 3356 anlibis
536 3337 543 3344 -
562 3293 935 3379 obsequium
977 3292 1179 3357 nudet
1217 3294 1313 3371 te,
1359 3292 1590 3358 leniter
1633 3294 1704 3357 in
1747 3314 1921 3376 spem

224 3375 489 3458 Arrepe
533 3377 884 3461 officiosus,
919 3378 1015 3443 uti
1059 3379 1338 3443 scribare
1383 3379 1696 3443 secundus

224 3458 446 3524 Heres
491 3462 584 3544 et,
629 3462 824 3546 siquis
869 3483 1054 3527 casus
1096 3482 1365 3546 puerum
1410 3462 1614 3547 egerit
1656 3462 1854 3545 OrcO,
