2514 3950
702 736 1895 895 SATIRARVM

1023 933 1248 990 LmER
1281 933 1572 991 PRmvs.

1267 1102 1326 1178 Ι.

459 1205 614 1322 Qui
654 1236 759 1319 fit,
804 1235 1170 1317 Maecenas»,
1226 1237 1303 1299 ut
1342 1254 1532 1299 nemo
1542 1282 1561 1316 ,
1620 1252 1812 1316 quam
1858 1232 1981 1298 sibi
2024 1236 2280 1300 sortem

459 1319 584 1387 Seu
625 1321 790 1385 ratio
836 1319 1078 1385 dederit
1122 1340 1233 1383 seu
1277 1318 1412 1383 fors
1456 1318 1788 1402 obiecerit,
1832 1318 1944 1382 illa

457 1404 811 1470 Contentus
853 1405 1056 1487 vivat,
1101 1403 1320 1467 laudet
1364 1402 1614 1467 diversa
1656 1402 2035 1487 sequentes?

457 1489 537 1553 Ὀ
581 1488 891 1553 fortunati
934 1490 1318 1552 mercatores
1332 1489 1373 1552 l'
1434 1487 1650 1571 gravis
1694 1489 1882 1551 annis

329 1585 360 1634 5
457 1572 646 1637 Miles
691 1574 808 1656 ait,
851 1572 1054 1636 multo
1100 1573 1229 1636 iam
1272 1570 1510 1635 fractus
1553 1571 1839 1635 membra
1880 1571 2120 1636 labore.

459 1655 716 1730 Contra
742 1658 1086 1739 mercator,
1129 1655 1347 1719 navim
1390 1655 1776 1720 iactantibus
1805 1656 2059 1719 Austris

458 1740 780 1805 ‘Militiast
817 1742 1046 1824 potior.
1106 1739 1273 1815 Quid
1304 1739 1518 1804 enim?
1577 1739 2020 1824 concurritur3
2064 1705 2279 1805 llorae

332 1894 337 1898 ⁴
456 1824 786 1889 Memento
832 1824 960 1889 cita
1001 1845 1174 1888 mors
1219 1824 1397 1888 venit
1439 1825 1550 1887 aut
1590 1824 1860 1888 victoria
1902 1825 2111 1888 laeta.’

455 1909 827 1994 Agricolam
869 1909 1089 1973 laudat
1131 1909 1287 1973 iuris
1331 1909 1671 1995 legumque
1713 1908 1985 1994 peritus,

331 2006 396 2056 10
461 1993 592 2059 Sub
681 1995 790 2059 alli
836 1998 1093 2060 cantum
1138 1994 1467 2058 consultor
1507 1993 1619 2057 ubi
1662 1994 1827 2057 ostia
1868 1994 2100 2078 pulsat.

456 2077 576 2143 Ille
663 2080 786 2143 atis
829 2078 1094 2143 vadibus
1138 2079 1246 2161 qui
1289 2099 1435 2142 rure
1480 2080 1798 2142 extractus
1849 2078 1919 2142 in
1946 2077 2272 2163 urbemst,

456 2160 642 2226 Solos
685 2162 904 2225 felices
947 2162 1232 2226 viventes
1279 2162 1515 2226 clamat
1563 2162 1632 2225 in
1675 2162 1852 2226 urbe.

457 2243 687 2310 Cetera
716 2244 793 2309 de
820 2266 1055 2330 genere
1097 2244 1252 2326 hoc,
1286 2245 1442 2309 adeo
1474 2248 1625 2310 sunt
1652 2246 1883 2328 multa,
1927 2246 2271 2330 loquacem

455 2327 794 2393 Delassare
836 2329 1053 2393 valent
1092 2328 1383 2393 Fabium.
1472 2329 1574 2396 Ne
1616 2332 1681 2394 te
1725 2350 1963 2413 morer,
2010 2330 2156 2394 audi

330 2424 393 2474 15
459 2411 600 2487 Quo
643 2434 779 2477 rem
823 2412 1148 2478 deducam.
1227 2412 1440 2497 Siquis
1486 2413 1639 2478 deus
1685 2413 1814 2478 ‘En
1857 2423 2002 2499 ego’
2049 2413 2224 2477 dicat

457 2495 621 2559 ‘Iam
648 2496 880 2560 faciam
926 2497 1095 2579 quod
1126 2498 1347 2583 voltis;
1394 2498 1514 2562 eris
1557 2501 1649 2582 tu,
1694 2498 1804 2582 qui
1830 2497 2022 2562 modo
2057 2498 2271 2582 mile8‚

455 2579 802 2665 Mercator3
845 2583 918 2644 tu
958 2582 1285 2645 consultus
1315 2582 1537 2665 mode,
1582 2582 1886 2647 rusticus:
1931 2582 2083 2647 hinc
2112 2602 2230 2646 vos
2246 2630 2270 2667 ‚

452 2662 586 2728 Vos
626 2663 781 2729 hinc
822 2665 1086 2729 mutatis
1131 2665 1435 2730 discedite
1478 2666 1787 2750 partibus.
1855 2666 1993 2732 Eia.

455 2747 623 2823 Quid
667 2749 848 2814 statis
862 2748 922 2813 *Ρ
967 2749 1195 2815 nolint.
1271 2751 1664 2833 Atquilicet
1708 2772 1846 2815 esse
1889 2750 2115 2815 beatis,

326 2843 395 2893 20
456 2831 624 2907 Quid
668 2836 987 2917 causaest,
1032 2834 1259 2899 merito
1306 2834 1461 2919 quin
1504 2835 1634 2899 illis
1663 2834 1955 2919 Iuppiter
1998 2834 2219 2898 ambas

453 2915 666 2980 Iratus
708 2918 943 2983 buccas
987 2918 1169 2982 inflet
1209 2939 1417 3015 neque
1461 2939 1529 2982 se
1570 2918 1710 2983 fore
1752 2917 2024 3002 posthac

454 2999 615 3063 Tam
656 3000 913 3065 facilem
957 3001 1153 3085 dicat,
1199 3002 1368 3067 vot1s
1411 3004 1484 3066 ut
1569 3002 1829 3067 raebeat
1873 3001 2132 3066 aurem?

452 3083 789 3148 Praeterea
829 3107 913 3150 ne
958 3086 1081 3169 sic,
1125 3088 1199 3151 ut
1242 3087 1352 3169 qui
1395 3086 1540 3152 iocu
1568 3087 1735 3169 aria,
1779 3086 1998 3150 ridens
2057 3131 2066 3140 ·

452 3167 827 3232 Percurram
873 3171 1284 3256 (quamquam
1328 3170 1639 3235 ridentem
1685 3171 1892 3236 dicere
1936 3191 2157 3234 verum
2192 3205 2200 3211 -

323 3264 392 3314 25
461 3251 629 3327 Quid
671 3253 888 3318 vetat?
932 3256 1006 3317 ut
1045 3253 1261 3335 pueris
1306 3254 1459 3319 olim
1515 3255 1673 3319 dant
1719 3255 2002 3320 crustula
2042 3254 2274 3320 blandi

452 3335 795 3420 DoctoreS,
843 3338 1157 3400 elementa
1198 3337 1403 3401 velint
1441 3341 1515 3402 ut
1558 3339 1798 3404 discere
1886 3360 2078 3424 rima3

453 3418 577 3485 Sed
620 3423 839 3484 tamen
881 3420 1094 3483 amoto
1140 3439 1516 3503 quaeramus
1561 3423 1723 3488 seria
1764 3362 1976 3508 lugon

500 3683 545 3733 ο
