2514 3950
282 151 362 217 68
1035 153 1428 211 cARMmVM
2042 152 2208 225 [xvx.

1143 336 1335 410 XVI.
1900 302 2088 445 ‘gfff‘
2115 294 2262 447 3³¹5

439 472 761 536 Inclusam
802 468 1073 535 Danaen
1112 468 1308 531 turris
1352 466 1593 531 ahenea

440 554 888 639 Robustaeque
930 554 1100 618 fores
1145 554 1210 615 et
1250 551 1519 635 vigilum
1563 571 1792 615 canum

524 639 765 703 Tristes
809 637 1109 703 excubiae
1152 636 1516 699 munierant
1558 636 1715 698 satis

615 723 962 790 Nocturnis
1006 720 1087 784 ab
1132 719 1433 784 adulteris
1446 768 1464 802 ,

286 872 318 921 5
450 858 520 923 Si
560 879 693 922 non
734 856 1057 922 Acrisium
1098 854 1364 940 virginis
1411 853 1675 917 abditae

441 941 788 1009 Custodem
828 941 1129 1024 pavidum
1170 938 1460 1023 Iuppiter
1477 940 1569 1023 „et
1609 936 1828 1001 Venus
2111 1012 2116 1016 ᾗ

540 1027 844 1091 Risisset:
899 1025 1038 1089 fore
1091 1023 1263 1088 enim
1303 1020 1513 1085 tutut'n
1541 1021 1676 1086 'iter
1719 1023 1783 1086 et
1823 1022 2049 1104 patens

632 1107 953 1174 Converso
996 1108 1066 1172 in
1107 1108 1384 1191 pretium
1429 1105 1566 1170 deo,

440 1246 687 1309 Aurum
727 1266 843 1328 per
883 1243 1125 1306 medios
1169 1242 1261 1306 ire
1306 1241 1612 1325 satellites

288 1343 352 1391 ιο
436 1328 525 1393 Et
563 1339 968 1412 perrumpere
1011 1329 1186 1389 amat
1229 1347 1413 1408 saxa,
1455 1326 1781 1409 potentius

522 1412 664 1477 Ictu
706 1412 1043 1475 fulmineo:
1109 1410 1390 1475 concidit
1432 1410 1691 1494 auguris

568 1514 579 1527 ·
634 1496 863 1581 Argivi
906 1495 1160 1578 domm,
1208 1494 1291 1558 ob
1335 1494 1583 1557 lucrum

439 1632 746 1696 Demersa
789 1630 1011 1713 exiti03
1058 1628 1291 1692 diffidit
1333 1628 1585 1710 urbium

438 1716 664 1780 Portas
706 1715 805 1780 vir
847 1713 1112 1777 Macedo
1157 1715 1222 1777 et
1265 1712 1514 1778 subruit
1558 1711 1839 1775 aemulos

288 1812 351 1861 15
531 1799 627 1864 Re
676 1819 743 1863 es
785 1798 1182 1883 muneribus3
1227 1817 1492 1861 munera
1531 1796 1791 1860 navium

677 1904 866 1948 aevos
916 1882 1289 1966 inlaqueant
1331 1880 1539 1945 duces,

441 2019 847 2085 Crescentem
890 2018 1173 2102 sequitur
1213 2039 1366 2081 cura
1407 2017 1743 2101 pecuniam

437 2103 876 2187 Maiorumque
918 2103 1139 2167 fames.
1227 2101 1374 2166 Iure
1417 2101 1752 2185 perhorrui

522 2187 679 2251 Late
725 2186 1138 2270 conspicuum
1179 2186 1404 2251 tollere
1448 2186 1781 2266 verticem,

191 2357 197 2363 .
285 2285 353 2334 20
627 2270 994 2354 Maecenas,
1041 2271 1325 2354 equitum
1368 2269 1576 2333 decus,

441 2406 693 2482 Quanto
738 2406 1002 2490 quisque
1047 2405 1170 2469 sibi
1210 2405 1397 2487 plura
1437 2399 1798 2484 negaverit,

439 2490 545 2554 Ab
590 2490 687 2554 dis
728 2490 913 2573 plura
953 2490 1144 2554 feret:
1186 2488 1283 2551 nil
1327 2483 1716 2567 cupientium

521 2573 749 2639 Nudus
794 2577 1000 2638 castra
1041 2575 1188 2655 peto
1234 2572 1299 2633 et
1338 2567 1676 2652 transfuga
1720 2566 1986 2631 divitum

629 2657 852 2723 Partes
894 2658 1178 2738 linquere
1220 2651 1463 2736 gestio,

284 2806 351 2856 25
445 2792 864 2890 Contemptae
907 2787 1198 2852 dominus
1243 2785 1637 2870 splendidior
1678 2786 1800 2868 rei,

440 2876 645 2953 Quam
689 2898 773 2960 sl,
819 2869 1122 2958 quidquid
1165 2874 1307 2934 arat
1347 2871 1601 2955 inpiger
1642 2869 1924 2954 Apulu8‚

525 2960 858 3026 Occultare
899 2955 1057 3019 meis
1103 2954 1344 3020 dicerer
1385 2954 1661 3038 horreis,

627 3043 898 3127 Magnas
941 3040 1109 3103 inter
1152 3061 1306 3124 opes
1349 3040 1555 3123 inops,

437 3180 640 3243 Purae
682 3177 853 3240 rivus
898 3195 1097 3258 aquae
1143 3175 1426 3257 silvaque
1470 3174 1760 3258 iugerum

286 3277 351 3326 30
440 3263 795 3327 Paucorum
838 3261 903 3323 et
946 3259 1181 3344 segetis
1226 3261 1399 3322 certa
1439 3258 1595 3322 fides
1638 3278 1817 3321 meae

520 3344 642 3409 Ful
690 3346 902 3407 entem
942 3342 1209 3427 imperio
1253 3343 1484 3408 fertilis
1534 3342 1785 3407 Africae

682 3427 820 3492 allit
864 3431 1031 3493 sorte
1073 3428 1342 3493 beatior.
1425 3499 1428 3502 Α
