2514 3950
880 180 1444 237 PROLEGOMENA.
1891 182 2125 238 XXXIX

203 333 326 393 etsi
368 333 680 392 fatendum
723 331 980 391 similem
1025 332 1186 407 apud
1228 331 1522 392 Laevium
1565 349 1687 392 non
1729 332 1998 408 reperiri.
2035 363 2125 375 —

204 420 482 481 Videnda
525 420 726 498 etiam,
773 438 924 496 quae
969 419 1094 479 dixi
1137 437 1289 480 mus·
1336 420 1450 481 Rh.
1494 438 1636 493 xxv,
1686 420 1810 480 571
1863 438 1951 497 sq.

337 528 426 584 m,
466 510 567 584 13,
598 510 698 568 15.
733 512 812 569 16
848 509 1003 569 mede
1037 512 1312 582 loquaces
1349 509 1623 582 lymphae
1658 509 1942 569 desiliunt
1974 514 2123 570 tuae.

206 598 536 673 Eleganter
587 598 770 672 poeta
819 596 1182 657 labdacismo
1236 615 1385 656 usus
1439 599 1504 655 et
1555 596 1653 655 hic
1706 596 1823 655 loci
1871 601 1936 658 et
1980 598 2125 659 alibi

205 687 271 745 in
313 686 512 746 verbis
558 685 852 746 similibus
910 681 1028 761 [ep.
1079 687 1180 761 16,
1226 682 1341 760 48]
1397 685 1537 745 levis
1580 689 1848 759 crepante
1892 686 2125 760 lympha

202 775 397 835 desilit
426 775 592 848 pede.

336 882 426 939 111,
467 863 568 939 14,
611 865 710 937 10,
753 864 830 922 11
878 878 979 923 vos
1021 880 1056 922 o
1088 863 1271 937 paen·
1313 866 1368 921 et
1398 863 1637 935 puellae
1679 858 1722 934 †
1765 862 1888 922 iam
1931 864 2126 923 virum

204 956 474 1025 expertae
515 951 668 1011 male
700 953 1040 1012 imminetis
1063 953 1295 1025 parcite
1328 952 1535 1010 verbis.
1606 949 1779 1009 Libri
1813 952 2127 1012 nominatis

207 1039 308 1098 vel
352 1041 661 1109 minati&
706 1056 855 1098 corr.
901 1038 972 1098 B.
1064 1036 1152 1098 Cf.
1201 1038 1259 1097 d.
1302 1057 1351 1097 r.
1395 1058 1474 1097 m.
1524 1040 1671 1098 306.

341 1125 432 1185 Ib.
480 1128 561 1184 22
609 1126 864 1185 cohibere
903 1124 1055 1200 edd„
1076 1125 1385 1203 ,cohibente
1429 1126 1720 1199 Muretus,
1765 1127 1837 1203 B,
1882 1127 1964 1188 M.

341 1231 439 1290 m,
478 1214 585 1290 15,
627 1215 704 1271 11
749 1213 915 1273 illam
950 1215 1096 1287 coeit
1128 1229 1297 1274 amor
1330 1212 1524 1272 Nothi.
1597 1212 1916 1288 Suspectat
1949 1215 2128 1275 Nothi

206 1320 422 1362 nomen
466 1300 826 1376 Meinekius,
882 1300 988 1360 sed
1033 1301 1182 1362 satis
1227 1303 1300 1360 ut
1341 1302 1489 1376 puto
1534 1299 1739 1359 firmat
1785 1299 1849 1360 C.
1894 1300 2126 1362 Keilius

207 1391 288 1450 M.
316 1391 428 1450 Rh.
464 1408 662 1463 xvnn,
708 1392 857 1464 617,
904 1389 1008 1465 qui
1051 1389 1230 1449 aliter
1274 1407 1394 1448 non
1437 1388 1641 1464 inepte
1685 1389 1869 1448 Pothi
1910 1408 2129 1450 nomen

209 1478 496 1540 substitui
529 1496 709 1553 posse
744 1477 930 1537 addit.
1004 1476 1289 1537 Ceterum
1322 1477 1504 1537 Nothi
1535 1477 1897 1537 vocabulum
1942 1479 2128 1539 etiam

206 1567 410 1626 latinis
466 1566 663 1625 titulis
715 1565 970 1626 inveniri
1022 1567 1242 1642 probat
1293 1566 1815 1641 Zangemeisterus
1860 1566 1934 1626 de
1980 1566 2127 1628 Hor.

207 1673 334 1716 voc.
380 1655 601 1731 singul.
646 1674 749 1731 pg.
799 1656 856 1714 6.

338 1761 435 1820 111,
487 1745 588 1817 16,
638 1747 673 1803 7
730 1745 953 1803 risisset
994 1743 1065 1819 B,
1120 1760 1193 1802 ex
1236 1761 1405 1802 more
1449 1741 1715 1818 Horatii,
1764 1745 2029 1804 risissent
2070 1764 2126 1804 v.

338 1851 436 1906 m,
484 1835 587 1905 17,
634 1833 825 1892 2-5,
913 1830 1126 1890 Delevi
1168 1847 1307 1889 cum
1351 1824 1724 1889 Buttmanno
1772 1832 1835 1889 et
1878 1831 1958 1892 M.

339 1939 436 1996 111,
487 1922 517 1979 1
530 1922 587 1996 9,
637 1921 717 1980 12
766 1922 1071 1980 miscentor
1115 1918 1494 1995 Rutgersius,
1536 1921 1848 1981 miscentur
1891 1939 1948 1981 v.

340 2027 438 2081 111,
486 2009 596 2081 20,
646 2011 712 2083 7,
761 2009 799 2065 8
856 2009 959 2066 tibi
998 2008 1226 2079 praeda
1269 2008 1434 2065 cedat
1473 2008 1665 2066 maior
1709 2024 1791 2067 an
1832 2009 1937 2067 illi.
2028 2010 2129 2068 Ita

208 2095 397 2168 codd„
443 2113 591 2154 corr.
635 2093 1097 2170 Peerlcampius.

342 2203 439 2259 111,
487 2184 597 2255 23,
648 2184 926 2242 17—20.
1011 2182 1138 2241 Hos
1182 2199 1396 2243 versus
1443 2184 1514 2240 ut
1556 2184 1718 2240 recte
1766 2182 2129 2258 suspectarit

208 2271 543 2331 Meinekius
598 2289 734 2331 cum
786 2270 1196 2346 Peerlcampio
1241 2272 1307 2330 et
1359 2268 1625 2349 Guyeto,
1677 2269 1866 2330 nihilo
1920 2273 2127 2331 tamen

207 2361 404 2438 magis
451 2360 569 2420 erit
612 2377 709 2418 res
756 2359 1050 2434 expedita.
1119 2358 1279 2417 Nam
1323 2377 1433 2433 pro
1481 2358 1644 2417 certo
1686 2358 1836 2417 mihi
1872 2363 2125 2435 constat,

209 2450 567 2525 quicumque
601 2447 1095 2523 interpolationes
1133 2446 1416 2505 addidere
1453 2446 1704 2507 Horatio
1741 2447 1894 2507 tales
1938 2447 2125 2509 fuisse

210 2538 500 2612 homineS,
546 2536 649 2612 qui
695 2540 759 2595 et
802 2535 1152 2609 sententiae,
1199 2552 1382 2610 quam
1425 2534 1756 2609 exprimere
1795 2536 2125 2614 studerent,

208 2628 274 2684 et
307 2624 666 2701 proprietati
711 2623 1000 2683 sermonis
1045 2624 1219 2682 latini
1254 2623 1433 2698 plene
1467 2626 1715 2698 possent
1759 2624 2123 2686 satisfacere.

210 2711 384 2782 Quod
437 2731 574 2772 cum
626 2713 715 2772 ita
767 2712 1014 2786 habeat,
1068 2711 1477 2788 quaerendum
1528 2710 1650 2770 iam
1705 2713 1824 2770 erit
1876 2713 1950 2772 de
1995 2731 2125 2773 sen-

208 2800 404 2860 tentia
455 2801 672 2860 horum
724 2818 1026 2861 versuum.
1115 2800 1198 2858 Et
1249 2799 1402 2859 illud
1456 2798 1696 2874 quidem
1741 2802 1911 2858 extra
1956 2800 2125 2859 dubi-

207 2889 503 2949 tationem
546 2893 642 2948 est
685 2888 975 2964 positum,
1034 2906 1144 2948 nee
1195 2906 1306 2963 pro
1366 2887 1735 2946 nominativo
1781 2887 2126 2949 habendum

207 2977 272 3036 id
315 2976 477 3053 quod
520 2980 617 3037 est
660 2981 995 3052 sumpwosa
1037 2978 1224 3037 hostia
1266 2994 1376 3035 nec
1430 2974 1508 3033 ad
1559 2974 1667 3035 illa
1723 2976 1889 3048 farre
1918 2980 2027 3051 pio
2072 2982 2125 3038 et

206 3066 448 3126 saliente
488 3067 644 3125 mica
686 3065 954 3141 suppleri
996 3083 1171 3140 posse
1216 3082 1420 3139 quam,
1475 3063 1643 3121 cuius
1686 3063 1839 3122 mihi
1884 3066 2124 3141 quidem

208 3154 321 3212 hoc
363 3154 494 3215 loce
541 3154 771 3229 ellipsis
814 3152 1144 3229 particulae
1180 3171 1219 3212 a
1252 3151 1587 3213 Latinitate
1626 3150 1864 3212 videtur
1900 3153 2121 3214 aliena:

207 3244 372 3299 certe
426 3241 639 3301 similis
693 3259 841 3301 usus
895 3242 1168 3317 exempla
1218 3242 1449 3301 frustra
1504 3240 1790 3315 quaesivi.
1837 3271 1916 3283 -
1977 3241 2125 3301 Sim·

207 3327 537 3404 plicissima
572 3333 777 3390 autem
801 3330 1051 3390 videtur
1087 3330 1403 3405 explicatio
1440 3327 1604 3401 haec,
1642 3331 1713 3387 ut
1748 3330 2125 3390 existimetur

206 3416 475 3477 voluisse
518 3418 712 3479 dicere
749 3418 893 3480 Hor.
929 3435 1004 3478 ea
1037 3418 1172 3493 ipsa
1213 3437 1299 3493 re,
1345 3415 1505 3493 quod
1539 3415 1753 3491 hostia,
1799 3435 1980 3494 quam
2015 3419 2122 3479 ob-

2149 3613 2398 3730 fi
