2514 3950
899 147 1402 204 PROLEGOMEN
1403 150 1468 205 A.
1960 152 2138 208 LXIX

331 303 429 373 ·3,
489 302 612 359 172
681 301 865 359 lentus
912 330 995 340 —
1031 301 1398 373 pavidusque
1449 303 1612 359 recte
1664 300 1742 373 B,
1800 302 2003 374 lonqus
2050 333 2135 343 —

222 389 540 461 avidusque
582 407 638 446 v.

361 478 429 548 3,
486 477 610 533 252
670 493 755 550 sq.
817 476 970 561 unde
1027 476 1199 561 etzam
1261 476 1533 541 trimetris
1595 492 1910 537 accrescere
1969 480 2138 537 iussit

224 581 432 623 nomen
475 564 730 623 iambeiS.
820 561 936 621 Pro
960 542 1175 629 iussit,
1228 563 1386 647 quod
1430 562 1622 649 plane
1652 567 1756 641 est
1788 564 1987 641 nihili,
2042 584 2134 623 re-

227 651 569 726 ponendum
634 649 784 708 illud
845 652 1086 711 iussum.
1186 632 1595 726 Supplendum
1654 669 1692 710 a
1739 656 2138 752 yrammaticis

228 736 667 816 Alexandrinae,
713 757 860 816 quos
899 738 1139 813 quidem
1174 737 1305 797 Hor
1306 739 1497 797 atium
1543 741 1604 796 et
1647 738 1744 797 hic
1787 742 1850 798 et
1894 739 2040 799 alibi
2074 741 2138 798 in

229 826 409 886 rebus
465 843 615 902 quae
672 825 751 883 ad
803 826 1111 892 metricam
1164 825 1467 900 pertinent
1512 826 1683 902 sequi
1723 846 1843 887 non
1888 831 1981 886 est
2024 829 2137 886 mi-

229 934 380 974 rum.
429 945 516 956 —
564 912 845 972 Ceterum
888 916 1100 973 notum
1143 914 1354 989 vulgo,
1410 933 1590 989 quam
1647 933 1823 989 saepe
1871 915 1937 975 in
1977 908 2133 975 codi-

228 1002 397 1061 cibus
442 1004 858 1076 permutentur
902 1001 1061 1059 inter
1107 1019 1171 1059 se
1215 1020 1317 1059 wm
1363 1004 1424 1060 et
1466 1004 1514 1060 it
1555 1001 1779 1060 finales.

365 1091 432 1162 3,
471 1090 681 1146 254-
694 1089 794 1145 58.
866 1087 957 1144 De
998 1088 1110 1144 hoc
1145 1087 1304 1146 loco
1314 1107 1459 1147 cum·
1481 1088 1743 1162 plurima
1774 1091 2139 1164 protulerint

232 1176 393 1234 docti
430 1175 751 1253 eademque
789 1154 1180 1275 ineptissima,
1222 1174 1308 1233 sic
1342 1173 1591 1233 habeto:
1635 1194 1754 1234 non
1790 1177 1983 1236 dicere
2021 1176 2139 1236 Ho-

229 1262 455 1323 ratium
498 1260 683 1320 haud
702 1261 791 1345 ita
825 1261 1060 1337 pridem
1095 1262 1158 1319 in
1191 1262 1450 1347 metrum
1489 1244 1808 1321 iambicum
1846 1262 2137 1324 admissos

230 1336 524 1426 spondeos
577 1379 652 1390 —-
703 1349 807 1425 qui
853 1350 1009 1408 enim
1054 1349 1116 1407 id
1161 1334 1360 1425 potuit
1406 1347 1548 1422 dici,
1603 1368 1736 1408 cum
1787 1351 1945 1426 apud
1991 1354 2140 1412 anti-

228 1439 584 1515 quissimum
621 1440 926 1497 auctorem
962 1437 1130 1513 artie,
1166 1436 1610 1512 Archilochum,
1649 1426 1770 1503 iam
1805 1440 2139 1515 promiscue

229 1528 611 1586 inveniantur
672 1526 817 1585 locis
880 1526 1209 1601 imparibus
1268 1483 1659 1585 iambicorum
1714 1518 1999 1602 spondei?
2054 1559 2138 1568 --

230 1614 357 1675 sed,
401 1613 618 1689 respici
689 1632 868 1673 usum
938 1612 1481 1674 Alexandrinorum
1547 1616 1756 1690 utique
1826 1619 2142 1691 poetarum

228 1707 502 1779 tempore
537 1705 754 1779 ortum,
799 1721 916 1778 quo
954 1701 1338 1778 praecipitur,
1380 1706 1454 1762 ut
1493 1703 1812 1762 trimetri
1849 1693 2144 1762 iambici

231 1790 503 1867 tragici
545 1790 688 1849 locis
733 1790 1064 1890 imparibus
1108 1790 1490 1866 potissimum
1529 1784 1834 1866 'ponantur
1880 1791 2143 1871 spondei,

230 1878 420 1938 iambi
463 1897 643 1954 quam
688 1879 942 1937 maxime
986 1879 1190 1953 potest
1231 1877 1363 1936 fieri
1400 1878 1805 1938 excludantur.
1895 1878 1985 1938 De
2030 1881 2143 1939 hoc

230 1986 369 2027 cum
428 1984 574 2025 cura
631 1948 889 2026 disserui
939 1967 980 2025 1.
1027 1966 1083 2025 d.
1128 1985 1176 2024 r.
1222 1986 1300 2025 ιιι.
1345 1985 1448 2041 pg.
1499 1960 1650 2041 148,
1701 1968 1762 2026 9.·
1855 1967 2010 2025 Nam
2071 1968 2146 2027 de

233 2055 465 2129 tragico
513 2054 706 2112 solum
750 2054 1020 2112 trimetro
1067 2053 1164 2112 hic
1208 2053 1311 2129 agi
1353 2053 1430 2112 ab
1475 2051 1622 2112 Hor.
1666 2053 2067 2147 manifestum.

372 2144 439 2218 3,
486 2143 611 2201 277
669 2144 769 2214 qui
813 2144 976 2201 recte
1020 2140 1099 2213 Β,
1143 2141 1291 2215 quae
1333 2160 1388 2201 v.

371 2232 440 2303 3,
487 2230 613 2289 337
670 2232 831 2289 recte
878 2229 1121 2288 seclusit
1165 2229 1236 2290 B.

371 2320 437 2392 3,
486 2318 610 2377 362
659 2335 806 2389 quae
848 2320 972 2377 iam
1012 2336 1139 2390 neS,
1186 2318 1471 2391 quaedam
1515 2336 1570 2377 v.
1644 2317 1803 2380 Illud
1839 2319 1960 2377 iam
1995 2316 2145 2377 nihil

232 2406 492 2466 interest
534 2408 740 2464 utrum
785 2406 861 2465 ad
906 2423 1052 2479 quae
1096 2423 1175 2465 an
1218 2405 1295 2463 ad
1339 2408 1392 2465 si
1434 2404 1730 2465 trahatur.

371 2495 431 2567 3,
460 2495 588 2551 417
627 2498 857 2567 occupet
881 2498 1190 2552 extremum
1217 2494 1453 2576 scabies.
1495 2493 1658 2552 Haec
1684 2494 1761 2552 ab
1780 2493 1925 2553 Hor.
1953 2496 2145 2552 trans-

233 2582 496 2642 formata
540 2599 671 2640 esse
717 2581 790 2639 de
834 2580 1127 2640 versiculo
1174 2599 1496 2656 puerorum
1539 2582 1943 2641 Romanorum
1988 2583 2101 2640 hoc

378 2669 588 2723 habeat
622 2669 884 2736 scabiem,
922 2669 1173 2737 quisquis
1209 2668 1286 2723 ad
1321 2685 1409 2722 me
1448 2670 1662 2723 venerit
1695 2669 2029 2725 novissimus

236 2757 382 2817 olim
436 2756 744 2815 docuimus
807 2746 965 2836 [ann.
1012 2756 1158 2832 phil.
1210 2757 1378 2815 1864
1425 2774 1525 2831 pg.
1574 2753 1752 2831 484].
1850 2755 1949 2814 Ita
2002 2756 2152 2814 alibi

234 2845 432 2904 eidem
476 2843 750 2920 proprios
795 2842 860 2901 in
902 2861 1048 2903 usus
1095 2844 1331 2902 detorta
1374 2843 1672 2902 cantilena
1718 2842 2022 2902 simillima

378 2933 477 2986 rex
514 2932 620 2986 erit
657 2932 756 3001 qui
791 2934 942 2986 recte
977 2931 1173 2997 faciet;
1216 2934 1316 2999 qui
1351 2947 1462 2985 non
1497 2929 1694 2998 faciet,
1734 2933 1846 2984 ιιόιι
1882 2931 2004 2985 erit.

370 3020 430 3091 3,
474 3020 623 3092 431,
663 3020 742 3077 32
790 3022 856 3077 ut
889 3021 989 3092 qui
1025 3020 1285 3078 conducti
1309 3018 1552 3091 plorant
1586 3019 1650 3076 in
1683 3018 1906 3090 funere,
1953 3020 2150 3078 dicunt

234 3111 289 3165 et
332 3107 569 3178 faciunt,
588 3123 777 3180 prope
809 3108 994 3180 phura
1037 3107 1354 3165 dolentibus
1399 3123 1468 3165 ew
1512 3107 1722 3172 amima.
1800 3104 1891 3165 Cf.
1938 3124 2150 3167 comm.

235 3193 425 3253 Lucil.
469 3212 570 3269 pg.
612 3195 758 3269 253,
806 3194 918 3270 543
965 3197 1192 3269 quaest.
1229 3193 1416 3253 Lucil.
1458 3212 1557 3270 pg.
1595 3211 1733 3268 xm,
1769 3211 1893 3253 inv.

372 3281 430 3353 3,
469 3282 594 3341 437
645 3284 829 3341 animi
863 3283 970 3341 sub
1006 3282 1169 3356 vospe
1203 3282 1453 3341 latentes.
1516 3280 1676 3338 Illud
1711 3281 1874 3354 volpe
1910 3298 2150 3356 corrup-

236 3370 370 3427 tum
415 3384 548 3426 esse
594 3369 898 3429 adsentior
944 3367 1352 3444 Peerlcampio
1400 3372 1462 3427 et
1508 3367 1790 3443 Sengero.
1866 3369 2153 3427 Fortasse
