<?xml version="1.0" encoding="UTF-8"?>
<!DOCTYPE html PUBLIC "-//W3C//DTD XHTML 1.0 Transitional//EN"
    "http://www.w3.org/TR/xhtml1/DTD/xhtml1-transitional.dtd">
<html xmlns="http://www.w3.org/1999/xhtml" xml:lang="en" lang="en">
 <head>
  <title>
</title>
<meta http-equiv="Content-Type" content="text/html;charset=utf-8" />
  <meta name='ocr-system' content='tesseract 3.04.00' />
  <meta name='ocr-capabilities' content='ocr_page ocr_carea ocr_par ocr_line ocrx_word'/>
</head>
<body>
  <div class='ocr_page' id='page_1' title='image "./carmina00horagoog_0305.png"; bbox 0 0 2514 3950; ppageno 0'>
   <div class='ocr_carea' id='block_1_1' title="bbox 200 163 2063 244">
    <p class='ocr_par' dir='ltr' id='par_1_1' title="bbox 200 163 2063 244">
     <span class='ocr_line' id='line_1_1' title="bbox 200 163 2063 244; baseline 0.001 -17"><span class='ocrx_word' id='word_1_1' title='bbox 200 172 357 244; x_wconf 76' lang='lat' dir='ltr'><strong>xm]</strong></span> <span class='ocrx_word' id='word_1_2' title='bbox 949 171 1164 226; x_wconf 75' lang='lat' dir='ltr'>HBER</span> <span class='ocrx_word' id='word_1_3' title='bbox 1205 172 1247 230; x_wconf 79' lang='lat' dir='ltr'><strong>L</strong></span> <span class='ocrx_word' id='word_1_4' title='bbox 1934 163 2063 229; x_wconf 82' lang='lat'><strong>209</strong></span> 
     </span>
    </p>
   </div>
   <div class='ocr_carea' id='block_1_2' title="bbox 176 332 2060 836">
    <p class='ocr_par' dir='ltr' id='par_1_2' title="bbox 194 332 2060 500">
     <span class='ocr_line' id='line_1_2' title="bbox 195 332 2060 416; baseline -0.001 -19"><span class='ocrx_word' id='word_1_5' title='bbox 195 332 338 398; x_wconf 90' lang='lat' dir='ltr'><strong>Nota</strong></span> <span class='ocrx_word' id='word_1_6' title='bbox 370 332 548 396; x_wconf 88' lang='lat' dir='ltr'><strong>refert</strong></span> <span class='ocrx_word' id='word_1_7' title='bbox 588 332 936 396; x_wconf 87' lang='lat' dir='ltr'><strong>meretricis</strong></span> <span class='ocrx_word' id='word_1_8' title='bbox 981 332 1302 415; x_wconf 78' lang='lat' dir='ltr'><strong>acumina,</strong></span> <span class='ocrx_word' id='word_1_9' title='bbox 1349 352 1535 416; x_wconf 81' lang='lat' dir='ltr'><strong>saepe</strong></span> <span class='ocrx_word' id='word_1_10' title='bbox 1579 334 1870 398; x_wconf 88' lang='lat' dir='ltr'><strong>catellam</strong></span> <span class='ocrx_word' id='word_1_11' title='bbox 1886 381 1905 416; x_wconf 92' lang='lat'><strong>,</strong></span> <span class='ocrx_word' id='word_1_12' title='bbox 1990 342 2060 396; x_wconf 78' lang='lat'><strong>55</strong></span> 
     </span>
     <span class='ocr_line' id='line_1_3' title="bbox 194 415 1879 500; baseline 0 -19"><span class='ocrx_word' id='word_1_13' title='bbox 194 416 292 481; x_wconf 83' lang='lat' dir='ltr'><strong>Sae</strong></span> <span class='ocrx_word' id='word_1_14' title='bbox 330 437 358 480; x_wconf 91' lang='lat' dir='ltr'><strong>e</strong></span> <span class='ocrx_word' id='word_1_15' title='bbox 392 415 822 499; x_wconf 80' lang='lat' dir='ltr'>periscelidem</span> <span class='ocrx_word' id='word_1_16' title='bbox 863 418 1110 500; x_wconf 86' lang='lat' dir='ltr'><strong>raptam</strong></span> <span class='ocrx_word' id='word_1_17' title='bbox 1155 415 1280 480; x_wconf 87' lang='lat' dir='ltr'><strong>sibi</strong></span> <span class='ocrx_word' id='word_1_18' title='bbox 1321 415 1551 498; x_wconf 76' lang='lat' dir='ltr'><strong>flentiS,</strong></span> <span class='ocrx_word' id='word_1_19' title='bbox 1593 418 1688 480; x_wconf 91' lang='lat' dir='ltr'><strong>uti</strong></span> <span class='ocrx_word' id='word_1_20' title='bbox 1729 438 1879 482; x_wconf 85' lang='lat' dir='ltr'><strong>mox</strong></span> 
     </span>
    </p>

    <p class='ocr_par' dir='ltr' id='par_1_3' title="bbox 188 499 1750 583">
     <span class='ocr_line' id='line_1_4' title="bbox 188 499 1750 583; baseline -0.001 -17"><span class='ocrx_word' id='word_1_21' title='bbox 188 500 299 567; x_wconf 79' lang='lat' dir='ltr'><strong>Nul</strong></span> <span class='ocrx_word' id='word_1_22' title='bbox 320 522 353 563; x_wconf 85' lang='lat' dir='ltr'><strong>a</strong></span> <span class='ocrx_word' id='word_1_23' title='bbox 387 500 542 564; x_wconf 73' lang='lat' dir='ltr'><strong>fidesv</strong></span> <span class='ocrx_word' id='word_1_24' title='bbox 575 499 820 564; x_wconf 86' lang='lat' dir='ltr'><strong>damnis</strong></span> <span class='ocrx_word' id='word_1_25' title='bbox 864 501 1154 583; x_wconf 82' lang='lat' dir='ltr'><strong>verisque</strong></span> <span class='ocrx_word' id='word_1_26' title='bbox 1198 500 1522 564; x_wconf 87' lang='lat' dir='ltr'><strong>doloribus</strong></span> <span class='ocrx_word' id='word_1_27' title='bbox 1567 500 1750 565; x_wconf 87' lang='lat' dir='ltr'><strong>adsit.</strong></span> 
     </span>
    </p>

    <p class='ocr_par' dir='ltr' id='par_1_4' title="bbox 184 581 1600 649">
     <span class='ocr_line' id='line_1_5' title="bbox 184 581 1600 649; baseline -0.001 0"><span class='ocrx_word' id='word_1_28' title='bbox 184 581 242 649; x_wconf 92' lang='lat' dir='ltr'>N</span> <span class='ocrx_word' id='word_1_29' title='bbox 243 605 303 649; x_wconf 86' lang='lat' dir='ltr'><strong>ec</strong></span> <span class='ocrx_word' id='word_1_30' title='bbox 340 585 515 648; x_wconf 85' lang='lat' dir='ltr'><strong>semel</strong></span> <span class='ocrx_word' id='word_1_31' title='bbox 557 584 791 648; x_wconf 88' lang='lat' dir='ltr'><strong>inrisus</strong></span> <span class='ocrx_word' id='word_1_32' title='bbox 834 583 1040 648; x_wconf 75' lang='lat' dir='ltr'><strong>triviis</strong></span> <span class='ocrx_word' id='word_1_33' title='bbox 1086 584 1377 648; x_wconf 74' lang='lat' dir='ltr'>attollere</span> <span class='ocrx_word' id='word_1_34' title='bbox 1421 586 1600 649; x_wconf 88' lang='lat' dir='ltr'><strong>curat</strong></span> 
     </span>
    </p>

    <p class='ocr_par' dir='ltr' id='par_1_5' title="bbox 176 666 2059 836">
     <span class='ocr_line' id='line_1_6' title="bbox 180 666 1821 752; baseline -0.001 -20"><span class='ocrx_word' id='word_1_35' title='bbox 180 666 375 733; x_wconf 85' lang='lat' dir='ltr'><strong>Fracto</strong></span> <span class='ocrx_word' id='word_1_36' title='bbox 413 689 583 733; x_wconf 91' lang='lat' dir='ltr'><strong>crure</strong></span> <span class='ocrx_word' id='word_1_37' title='bbox 626 669 909 752; x_wconf 85' lang='lat' dir='ltr'><strong>planum,</strong></span> <span class='ocrx_word' id='word_1_38' title='bbox 954 668 1106 733; x_wconf 91' lang='lat' dir='ltr'><strong>licet</strong></span> <span class='ocrx_word' id='word_1_39' title='bbox 1146 669 1244 733; x_wconf 91' lang='lat' dir='ltr'><strong>illi</strong></span> <span class='ocrx_word' id='word_1_40' title='bbox 1331 668 1562 733; x_wconf 88' lang='lat' dir='ltr'><strong>lurima</strong></span> <span class='ocrx_word' id='word_1_41' title='bbox 1602 670 1821 732; x_wconf 89' lang='lat' dir='ltr'><strong>manet</strong></span> 
     </span>
     <span class='ocr_line' id='line_1_7' title="bbox 176 751 2059 836; baseline -0.001 -20"><span class='ocrx_word' id='word_1_42' title='bbox 176 751 452 836; x_wconf 80' lang='lat' dir='ltr'><strong>Lacrima,</strong></span> <span class='ocrx_word' id='word_1_43' title='bbox 494 773 609 836; x_wconf 90' lang='lat' dir='ltr'><strong>per</strong></span> <span class='ocrx_word' id='word_1_44' title='bbox 652 756 943 817; x_wconf 86' lang='lat' dir='ltr'><strong>sanctum</strong></span> <span class='ocrx_word' id='word_1_45' title='bbox 982 753 1226 818; x_wconf 81' lang='lat' dir='ltr'><strong>iuratus</strong></span> <span class='ocrx_word' id='word_1_46' title='bbox 1321 754 1441 817; x_wconf 86' lang='lat' dir='ltr'><strong>&#39;cat</strong></span> <span class='ocrx_word' id='word_1_47' title='bbox 1485 752 1753 818; x_wconf 83' lang='lat' dir='ltr'><strong>Osirim:</strong></span> <span class='ocrx_word' id='word_1_48' title='bbox 1991 763 2059 814; x_wconf 77' lang='grc'><strong>60</strong></span> 
     </span>
    </p>
   </div>
   <div class='ocr_carea' id='block_1_3' title="bbox 174 835 1811 1003">
    <p class='ocr_par' dir='ltr' id='par_1_6' title="bbox 174 835 1811 1003">
     <span class='ocr_line' id='line_1_8' title="bbox 178 835 1811 921; baseline -0.001 -20"><span class='ocrx_word' id='word_1_49' title='bbox 178 835 445 921; x_wconf 85' lang='lat' dir='ltr'><strong>‘Credite,</strong></span> <span class='ocrx_word' id='word_1_50' title='bbox 488 857 622 900; x_wconf 90' lang='lat' dir='ltr'><strong>non</strong></span> <span class='ocrx_word' id='word_1_51' title='bbox 664 836 847 921; x_wconf 79' lang='lat' dir='ltr'><strong>lud03</strong></span> <span class='ocrx_word' id='word_1_52' title='bbox 894 837 1198 921; x_wconf 82' lang='lat' dir='ltr'><strong>crudeles,</strong></span> <span class='ocrx_word' id='word_1_53' title='bbox 1220 837 1427 901; x_wconf 90' lang='lat' dir='ltr'><strong>tollite</strong></span> <span class='ocrx_word' id='word_1_54' title='bbox 1471 836 1811 902; x_wconf 89' lang='lat' dir='ltr'><strong>claudum.&#39;</strong></span> 
     </span>
     <span class='ocr_line' id='line_1_9' title="bbox 174 918 1747 1003; baseline 0 -18"><span class='ocrx_word' id='word_1_55' title='bbox 174 918 408 995; x_wconf 77' lang='lat' dir='ltr'><strong>‘Quaere</strong></span> <span class='ocrx_word' id='word_1_56' title='bbox 446 921 876 1003; x_wconf 85' lang='lat' dir='ltr'><strong>peregrinum’</strong></span> <span class='ocrx_word' id='word_1_57' title='bbox 919 921 1154 985; x_wconf 84' lang='lat' dir='ltr'><strong>vicinia</strong></span> <span class='ocrx_word' id='word_1_58' title='bbox 1195 942 1386 985; x_wconf 86' lang='lat' dir='ltr'><strong>rauca</strong></span> <span class='ocrx_word' id='word_1_59' title='bbox 1425 922 1747 987; x_wconf 88' lang='lat' dir='ltr'><strong>reclamat.</strong></span> 
     </span>
    </p>
   </div>
   <div class='ocr_carea' id='block_1_4' title="bbox 942 1092 1244 1101">
    <p class='ocr_par' dir='ltr' id='par_1_7' title="bbox 942 1092 1244 1101">
     <span class='ocr_line' id='line_1_10' title="bbox 942 1092 1244 1101; baseline 0 2849"><span class='ocrx_word' id='word_1_60' title='bbox 942 1092 1244 1101; x_wconf 95' lang='lat' dir='ltr'><strong> </strong></span> 
     </span>
    </p>
   </div>
   <div class='ocr_carea' id='block_1_5' title="bbox 959 1208 1220 1282">
    <p class='ocr_par' dir='ltr' id='par_1_8' title="bbox 959 1208 1220 1282">
     <span class='ocr_line' id='line_1_11' title="bbox 959 1208 1220 1282; baseline 0.011 -3"><span class='ocrx_word' id='word_1_61' title='bbox 959 1208 1220 1282; x_wconf 89' lang='lat' dir='ltr'>XVHI.</span> 
     </span>
    </p>
   </div>
   <div class='ocr_carea' id='block_1_6' title="bbox 94 1337 2056 3441">
    <p class='ocr_par' dir='ltr' id='par_1_9' title="bbox 158 1337 1664 1423">
     <span class='ocr_line' id='line_1_12' title="bbox 158 1337 1664 1423; baseline 0.001 -20"><span class='ocrx_word' id='word_1_62' title='bbox 158 1337 222 1403; x_wconf 87' lang='lat' dir='ltr'><strong>Si</strong></span> <span class='ocrx_word' id='word_1_63' title='bbox 261 1337 412 1401; x_wconf 91' lang='lat' dir='ltr'><strong>bene</strong></span> <span class='ocrx_word' id='word_1_64' title='bbox 452 1339 517 1400; x_wconf 89' lang='lat' dir='ltr'><strong>te</strong></span> <span class='ocrx_word' id='word_1_65' title='bbox 560 1338 738 1420; x_wconf 86' lang='lat' dir='ltr'><strong>novi,</strong></span> <span class='ocrx_word' id='word_1_66' title='bbox 784 1340 1057 1421; x_wconf 91' lang='lat' dir='ltr'><strong>metues,</strong></span> <span class='ocrx_word' id='word_1_67' title='bbox 1103 1338 1423 1404; x_wconf 86' lang='lat' dir='ltr'><strong>liberrime</strong></span> <span class='ocrx_word' id='word_1_68' title='bbox 1465 1338 1664 1423; x_wconf 91' lang='lat' dir='ltr'><strong>Lolli,</strong></span> 
     </span>
    </p>

    <p class='ocr_par' dir='ltr' id='par_1_10' title="bbox 154 1420 1892 1507">
     <span class='ocr_line' id='line_1_13' title="bbox 154 1420 1892 1507; baseline 0.002 -21"><span class='ocrx_word' id='word_1_69' title='bbox 154 1420 495 1486; x_wconf 86' lang='lat' dir='ltr'><strong>Scurrantis</strong></span> <span class='ocrx_word' id='word_1_70' title='bbox 539 1422 815 1505; x_wconf 91' lang='lat' dir='ltr'><strong>speciem</strong></span> <span class='ocrx_word' id='word_1_71' title='bbox 857 1422 1187 1507; x_wconf 90' lang='lat' dir='ltr'><strong>praebere,</strong></span> <span class='ocrx_word' id='word_1_72' title='bbox 1231 1423 1558 1507; x_wconf 88' lang='lat' dir='ltr'><strong>professus</strong></span> <span class='ocrx_word' id='word_1_73' title='bbox 1601 1424 1892 1489; x_wconf 88' lang='lat' dir='ltr'><strong>amicum.</strong></span> 
     </span>
    </p>

    <p class='ocr_par' dir='ltr' id='par_1_11' title="bbox 153 1504 1567 1591">
     <span class='ocr_line' id='line_1_14' title="bbox 153 1504 1567 1591; baseline 0.001 -21"><span class='ocrx_word' id='word_1_74' title='bbox 153 1504 237 1570; x_wconf 93' lang='lat' dir='ltr'><strong>Vt</strong></span> <span class='ocrx_word' id='word_1_75' title='bbox 274 1508 557 1570; x_wconf 87' lang='lat' dir='ltr'><strong>matrona</strong></span> <span class='ocrx_word' id='word_1_76' title='bbox 597 1506 914 1571; x_wconf 90' lang='lat' dir='ltr'><strong>meretrici</strong></span> <span class='ocrx_word' id='word_1_77' title='bbox 959 1506 1054 1571; x_wconf 90' lang='lat' dir='ltr'><strong>dis</strong></span> <span class='ocrx_word' id='word_1_78' title='bbox 1101 1529 1173 1571; x_wconf 86' lang='lat' dir='ltr'><strong>ar</strong></span> <span class='ocrx_word' id='word_1_79' title='bbox 1215 1508 1331 1572; x_wconf 65' lang='lat' dir='ltr'><strong>erit</strong></span> <span class='ocrx_word' id='word_1_80' title='bbox 1379 1510 1567 1591; x_wconf 90' lang='lat' dir='ltr'><strong>atque</strong></span> 
     </span>
    </p>

    <p class='ocr_par' dir='ltr' id='par_1_12' title="bbox 143 1588 1604 1673">
     <span class='ocr_line' id='line_1_15' title="bbox 143 1588 1604 1673; baseline 0.003 -21"><span class='ocrx_word' id='word_1_81' title='bbox 143 1588 457 1673; x_wconf 82' lang='lat' dir='ltr'><strong>Discolor,</strong></span> <span class='ocrx_word' id='word_1_82' title='bbox 501 1589 699 1655; x_wconf 89' lang='lat' dir='ltr'><strong>infido</strong></span> <span class='ocrx_word' id='word_1_83' title='bbox 745 1612 996 1655; x_wconf 84' lang='lat' dir='ltr'><strong>scurrae</strong></span> <span class='ocrx_word' id='word_1_84' title='bbox 1088 1591 1304 1656; x_wconf 88' lang='lat' dir='ltr'><strong>&#39;stabit</strong></span> <span class='ocrx_word' id='word_1_85' title='bbox 1345 1592 1604 1657; x_wconf 90' lang='lat' dir='ltr'><strong>amicus.</strong></span> 
     </span>
    </p>

    <p class='ocr_par' dir='ltr' id='par_1_13' title="bbox 134 1672 2053 1843">
     <span class='ocr_line' id='line_1_16' title="bbox 138 1672 2053 1760; baseline 0.001 -22"><span class='ocrx_word' id='word_1_86' title='bbox 138 1673 259 1738; x_wconf 84' lang='lat' dir='ltr'><strong>Est</strong></span> <span class='ocrx_word' id='word_1_87' title='bbox 296 1673 441 1737; x_wconf 89' lang='lat' dir='ltr'><strong>huic</strong></span> <span class='ocrx_word' id='word_1_88' title='bbox 486 1672 803 1739; x_wconf 84' lang='lat' dir='ltr'><strong>diversum</strong></span> <span class='ocrx_word' id='word_1_89' title='bbox 844 1675 1000 1740; x_wconf 83' lang='lat' dir='ltr'><strong>vitio</strong></span> <span class='ocrx_word' id='word_1_90' title='bbox 1044 1676 1270 1741; x_wconf 85' lang='lat' dir='ltr'><strong>vitium</strong></span> <span class='ocrx_word' id='word_1_91' title='bbox 1311 1697 1512 1760; x_wconf 87' lang='lat' dir='ltr'>prope</span> <span class='ocrx_word' id='word_1_92' title='bbox 1554 1677 1757 1741; x_wconf 89' lang='lat' dir='ltr'><strong>maius</strong></span> <span class='ocrx_word' id='word_1_93' title='bbox 1771 1725 1790 1760; x_wconf 95' lang='lat'><strong>,</strong></span> <span class='ocrx_word' id='word_1_94' title='bbox 2019 1687 2053 1739; x_wconf 79' lang='lat'><strong>5</strong></span> 
     </span>
     <span class='ocr_line' id='line_1_17' title="bbox 134 1758 1724 1843; baseline 0.003 -23"><span class='ocrx_word' id='word_1_95' title='bbox 134 1758 463 1842; x_wconf 74' lang='lat' dir='ltr'><strong>Asperitas</strong></span> <span class='ocrx_word' id='word_1_96' title='bbox 507 1759 777 1841; x_wconf 85' lang='lat' dir='ltr'><strong>agrestis</strong></span> <span class='ocrx_word' id='word_1_97' title='bbox 823 1762 888 1822; x_wconf 92' lang='lat' dir='ltr'><strong>et</strong></span> <span class='ocrx_word' id='word_1_98' title='bbox 928 1760 1317 1823; x_wconf 86' lang='lat' dir='ltr'><strong>inconcinna</strong></span> <span class='ocrx_word' id='word_1_99' title='bbox 1437 1761 1724 1843; x_wconf 85' lang='lat' dir='ltr'><strong>avisque,</strong></span> 
     </span>
    </p>

    <p class='ocr_par' dir='ltr' id='par_1_14' title="bbox 128 1840 1871 2008">
     <span class='ocr_line' id='line_1_18' title="bbox 133 1840 1871 1925; baseline 0.002 -21"><span class='ocrx_word' id='word_1_100' title='bbox 133 1840 306 1916; x_wconf 86' lang='lat' dir='ltr'><strong>Quae</strong></span> <span class='ocrx_word' id='word_1_101' title='bbox 351 1862 418 1904; x_wconf 93' lang='lat' dir='ltr'><strong>se</strong></span> <span class='ocrx_word' id='word_1_102' title='bbox 460 1840 864 1905; x_wconf 92' lang='lat' dir='ltr'><strong>commendat</strong></span> <span class='ocrx_word' id='word_1_103' title='bbox 901 1843 1091 1904; x_wconf 90' lang='lat' dir='ltr'><strong>tonsa</strong></span> <span class='ocrx_word' id='word_1_104' title='bbox 1132 1845 1302 1924; x_wconf 91' lang='lat' dir='ltr'><strong>cute,</strong></span> <span class='ocrx_word' id='word_1_105' title='bbox 1394 1843 1644 1906; x_wconf 87' lang='lat' dir='ltr'><strong>entibus</strong></span> <span class='ocrx_word' id='word_1_106' title='bbox 1689 1844 1842 1907; x_wconf 87' lang='lat' dir='ltr'><strong>atris</strong></span> <span class='ocrx_word' id='word_1_107' title='bbox 1853 1892 1871 1925; x_wconf 94' lang='lat'><strong>,</strong></span> 
     </span>
     <span class='ocr_line' id='line_1_19' title="bbox 128 1923 1746 2008; baseline 0.001 -20"><span class='ocrx_word' id='word_1_108' title='bbox 128 1924 301 1988; x_wconf 92' lang='lat' dir='ltr'><strong>Dum</strong></span> <span class='ocrx_word' id='word_1_109' title='bbox 344 1924 484 1989; x_wconf 79' lang='lat' dir='ltr'><strong>vult</strong></span> <span class='ocrx_word' id='word_1_110' title='bbox 523 1923 787 1988; x_wconf 79' lang='lat' dir='ltr'><strong>libertas</strong></span> <span class='ocrx_word' id='word_1_111' title='bbox 831 1923 958 1988; x_wconf 92' lang='lat' dir='ltr'><strong>dici</strong></span> <span class='ocrx_word' id='word_1_112' title='bbox 998 1944 1173 1989; x_wconf 85' lang='lat' dir='ltr'><strong>mera</strong></span> <span class='ocrx_word' id='word_1_113' title='bbox 1213 1945 1484 2008; x_wconf 86' lang='lat' dir='ltr'><strong>veraque</strong></span> <span class='ocrx_word' id='word_1_114' title='bbox 1525 1926 1746 1990; x_wconf 87' lang='lat' dir='ltr'><strong>virtus.</strong></span> 
     </span>
    </p>

    <p class='ocr_par' dir='ltr' id='par_1_15' title="bbox 115 2007 2055 2260">
     <span class='ocr_line' id='line_1_20' title="bbox 127 2007 2010 2092; baseline 0.003 -21"><span class='ocrx_word' id='word_1_115' title='bbox 127 2007 351 2072; x_wconf 90' lang='lat' dir='ltr'><strong>Virtus</strong></span> <span class='ocrx_word' id='word_1_116' title='bbox 399 2011 498 2072; x_wconf 88' lang='lat' dir='ltr'><strong>est</strong></span> <span class='ocrx_word' id='word_1_117' title='bbox 537 2008 815 2071; x_wconf 91' lang='lat' dir='ltr'><strong>medium</strong></span> <span class='ocrx_word' id='word_1_118' title='bbox 858 2007 1157 2072; x_wconf 85' lang='lat' dir='ltr'><strong>vitiorum</strong></span> <span class='ocrx_word' id='word_1_119' title='bbox 1201 2010 1267 2072; x_wconf 89' lang='lat' dir='ltr'><strong>et</strong></span> <span class='ocrx_word' id='word_1_120' title='bbox 1307 2008 1623 2092; x_wconf 75' lang='lat' dir='ltr'><strong>utrimque</strong></span> <span class='ocrx_word' id='word_1_121' title='bbox 1666 2010 2010 2076; x_wconf 86' lang='lat' dir='ltr'><strong>reductum.</strong></span> 
     </span>
     <span class='ocr_line' id='line_1_21' title="bbox 121 2090 2055 2176; baseline 0.002 -22"><span class='ocrx_word' id='word_1_122' title='bbox 121 2091 312 2155; x_wconf 91' lang='lat' dir='ltr'><strong>Alter</strong></span> <span class='ocrx_word' id='word_1_123' title='bbox 355 2092 429 2154; x_wconf 92' lang='lat' dir='ltr'><strong>in</strong></span> <span class='ocrx_word' id='word_1_124' title='bbox 472 2090 844 2174; x_wconf 86' lang='lat' dir='ltr'><strong>obsequium</strong></span> <span class='ocrx_word' id='word_1_125' title='bbox 885 2091 1030 2175; x_wconf 91' lang='lat' dir='ltr'><strong>plus</strong></span> <span class='ocrx_word' id='word_1_126' title='bbox 1074 2113 1275 2176; x_wconf 91' lang='lat' dir='ltr'><strong>aequo</strong></span> <span class='ocrx_word' id='word_1_127' title='bbox 1362 2113 1557 2157; x_wconf 88' lang='lat' dir='ltr'><strong>ronus</strong></span> <span class='ocrx_word' id='word_1_128' title='bbox 1598 2096 1662 2158; x_wconf 95' lang='lat' dir='ltr'><strong>et</strong></span> <span class='ocrx_word' id='word_1_129' title='bbox 1703 2094 1819 2159; x_wconf 84' lang='lat' dir='ltr'><strong>imi</strong></span> <span class='ocrx_word' id='word_1_130' title='bbox 1990 2108 2055 2158; x_wconf 78' lang='grc' dir='ltr'><strong>ιο</strong></span> 
     </span>
     <span class='ocr_line' id='line_1_22' title="bbox 115 2175 1562 2260; baseline 0.003 -22"><span class='ocrx_word' id='word_1_131' title='bbox 115 2176 386 2239; x_wconf 90' lang='lat' dir='ltr'><strong>Derisor</strong></span> <span class='ocrx_word' id='word_1_132' title='bbox 431 2175 577 2241; x_wconf 89' lang='lat' dir='ltr'><strong>lecti</strong></span> <span class='ocrx_word' id='word_1_133' title='bbox 655 2175 747 2240; x_wconf 91' lang='lat' dir='ltr'><strong>sic</strong></span> <span class='ocrx_word' id='word_1_134' title='bbox 788 2177 1016 2240; x_wconf 92' lang='lat' dir='ltr'><strong>nutum</strong></span> <span class='ocrx_word' id='word_1_135' title='bbox 1060 2175 1272 2240; x_wconf 84' lang='lat' dir='ltr'><strong>divitis</strong></span> <span class='ocrx_word' id='word_1_136' title='bbox 1364 2181 1562 2260; x_wconf 89' lang='lat' dir='ltr'><strong>orret,</strong></span> 
     </span>
    </p>

    <p class='ocr_par' dir='ltr' id='par_1_16' title="bbox 114 2258 1617 2344">
     <span class='ocr_line' id='line_1_23' title="bbox 114 2258 1617 2344; baseline 0.003 -22"><span class='ocrx_word' id='word_1_137' title='bbox 114 2258 225 2323; x_wconf 90' lang='lat' dir='ltr'><strong>Sic</strong></span> <span class='ocrx_word' id='word_1_138' title='bbox 271 2260 469 2323; x_wconf 89' lang='lat' dir='ltr'><strong>iterat</strong></span> <span class='ocrx_word' id='word_1_139' title='bbox 512 2279 699 2324; x_wconf 86' lang='lat' dir='ltr'><strong>voces</strong></span> <span class='ocrx_word' id='word_1_140' title='bbox 744 2262 808 2324; x_wconf 93' lang='lat' dir='ltr'><strong>et</strong></span> <span class='ocrx_word' id='word_1_141' title='bbox 849 2260 1042 2325; x_wconf 84' lang='lat' dir='ltr'><strong>verba</strong></span> <span class='ocrx_word' id='word_1_142' title='bbox 1085 2261 1375 2326; x_wconf 86' lang='lat' dir='ltr'><strong>cadentia</strong></span> <span class='ocrx_word' id='word_1_143' title='bbox 1415 2261 1617 2344; x_wconf 86' lang='lat' dir='ltr'><strong>tollit,</strong></span> 
     </span>
    </p>

    <p class='ocr_par' dir='ltr' id='par_1_17' title="bbox 94 2343 2055 2996">
     <span class='ocr_line' id='line_1_24' title="bbox 109 2343 1664 2430; baseline 0.002 -23"><span class='ocrx_word' id='word_1_144' title='bbox 109 2343 206 2407; x_wconf 91' lang='lat' dir='ltr'><strong>Vt</strong></span> <span class='ocrx_word' id='word_1_145' title='bbox 249 2365 531 2427; x_wconf 90' lang='lat' dir='ltr'><strong>puerum</strong></span> <span class='ocrx_word' id='word_1_146' title='bbox 574 2365 761 2409; x_wconf 84' lang='lat' dir='ltr'><strong>saevo</strong></span> <span class='ocrx_word' id='word_1_147' title='bbox 808 2344 1024 2409; x_wconf 88' lang='lat' dir='ltr'><strong>credas</strong></span> <span class='ocrx_word' id='word_1_148' title='bbox 1076 2344 1315 2410; x_wconf 85' lang='lat' dir='ltr'><strong>dictata</strong></span> <span class='ocrx_word' id='word_1_149' title='bbox 1355 2347 1664 2430; x_wconf 84' lang='lat' dir='ltr'><strong>magistro</strong></span> 
     </span>
     <span class='ocr_line' id='line_1_25' title="bbox 101 2427 1851 2516; baseline 0.002 -25"><span class='ocrx_word' id='word_1_150' title='bbox 101 2427 414 2492; x_wconf 85' lang='lat' dir='ltr'><strong>Reddere</strong></span> <span class='ocrx_word' id='word_1_151' title='bbox 492 2429 594 2492; x_wconf 86' lang='lat' dir='ltr'><strong>vel</strong></span> <span class='ocrx_word' id='word_1_152' title='bbox 635 2431 846 2511; x_wconf 87' lang='lat' dir='ltr'><strong>partes</strong></span> <span class='ocrx_word' id='word_1_153' title='bbox 888 2429 1154 2493; x_wconf 91' lang='lat' dir='ltr'><strong>mimum</strong></span> <span class='ocrx_word' id='word_1_154' title='bbox 1194 2431 1469 2494; x_wconf 85' lang='lat' dir='ltr'><strong>tractare</strong></span> <span class='ocrx_word' id='word_1_155' title='bbox 1513 2430 1851 2516; x_wconf 82' lang='lat' dir='ltr'><strong>secundas3</strong></span> 
     </span>
     <span class='ocr_line' id='line_1_26' title="bbox 97 2511 2055 2598; baseline 0.003 -25"><span class='ocrx_word' id='word_1_156' title='bbox 97 2511 303 2575; x_wconf 88' lang='lat' dir='ltr'><strong>Alter</strong></span> <span class='ocrx_word' id='word_1_157' title='bbox 348 2512 601 2575; x_wconf 85' lang='lat' dir='ltr'><strong>rixatur</strong></span> <span class='ocrx_word' id='word_1_158' title='bbox 645 2511 721 2575; x_wconf 94' lang='lat' dir='ltr'><strong>de</strong></span> <span class='ocrx_word' id='word_1_159' title='bbox 764 2513 914 2576; x_wconf 85' lang='lat' dir='ltr'><strong>lana</strong></span> <span class='ocrx_word' id='word_1_160' title='bbox 955 2534 1141 2597; x_wconf 83' lang='lat' dir='ltr'><strong>saepe</strong></span> <span class='ocrx_word' id='word_1_161' title='bbox 1186 2534 1261 2578; x_wconf 88' lang='lat' dir='ltr'><strong>ca</strong></span> <span class='ocrx_word' id='word_1_162' title='bbox 1304 2514 1470 2598; x_wconf 88' lang='lat' dir='ltr'><strong>rina,</strong></span> <span class='ocrx_word' id='word_1_163' title='bbox 1991 2530 2055 2580; x_wconf 90' lang='lat'><strong>15</strong></span> 
     </span>
     <span class='ocr_line' id='line_1_27' title="bbox 94 2594 1724 2681; baseline 0.004 -24"><span class='ocrx_word' id='word_1_164' title='bbox 94 2594 285 2678; x_wconf 93' lang='lat' dir='ltr'><strong>Prop</strong></span> <span class='ocrx_word' id='word_1_165' title='bbox 440 2597 508 2658; x_wconf 85' lang='lat' dir='ltr'><strong>at</strong></span> <span class='ocrx_word' id='word_1_166' title='bbox 549 2595 740 2680; x_wconf 87' lang='lat' dir='ltr'><strong>nugis</strong></span> <span class='ocrx_word' id='word_1_167' title='bbox 784 2598 1091 2662; x_wconf 84' lang='lat' dir='ltr'><strong>armatus:</strong></span> <span class='ocrx_word' id='word_1_168' title='bbox 1137 2598 1248 2662; x_wconf 72' lang='lat' dir='ltr'><strong>‘sc&#39;</strong></span> <span class='ocrx_word' id='word_1_169' title='bbox 1287 2598 1434 2681; x_wconf 88' lang='lat' dir='ltr'><strong>&#39;cet,</strong></span> <span class='ocrx_word' id='word_1_170' title='bbox 1476 2602 1549 2663; x_wconf 90' lang='lat' dir='ltr'><strong>ut</strong></span> <span class='ocrx_word' id='word_1_171' title='bbox 1588 2620 1724 2664; x_wconf 88' lang='lat' dir='ltr'><strong>non</strong></span> 
     </span>
     <span class='ocr_line' id='line_1_28' title="bbox 94 2677 1927 2766; baseline 0.003 -24"><span class='ocrx_word' id='word_1_172' title='bbox 94 2677 203 2743; x_wconf 85' lang='lat' dir='ltr'><strong>Sit</strong></span> <span class='ocrx_word' id='word_1_173' title='bbox 231 2680 329 2743; x_wconf 84' lang='lat' dir='ltr'><strong>m&#39;</strong></span> <span class='ocrx_word' id='word_1_174' title='bbox 386 2679 413 2743; x_wconf 90' lang='lat' dir='ltr'><strong>i</strong></span> <span class='ocrx_word' id='word_1_175' title='bbox 444 2678 652 2762; x_wconf 92' lang='lat' dir='ltr'><strong>prima</strong></span> <span class='ocrx_word' id='word_1_176' title='bbox 692 2679 847 2744; x_wconf 93' lang='lat' dir='ltr'><strong>fides</strong></span> <span class='ocrx_word' id='word_1_177' title='bbox 878 2683 970 2763; x_wconf 88' lang='lat' dir='ltr'><strong>et,</strong></span> <span class='ocrx_word' id='word_1_178' title='bbox 1015 2702 1159 2746; x_wconf 86' lang='lat' dir='ltr'><strong>vere</strong></span> <span class='ocrx_word' id='word_1_179' title='bbox 1189 2682 1361 2766; x_wconf 89' lang='lat' dir='ltr'><strong>quod</strong></span> <span class='ocrx_word' id='word_1_180' title='bbox 1401 2683 1639 2766; x_wconf 90' lang='lat' dir='ltr'><strong>placet,</strong></span> <span class='ocrx_word' id='word_1_181' title='bbox 1682 2685 1755 2746; x_wconf 91' lang='lat' dir='ltr'><strong>ut</strong></span> <span class='ocrx_word' id='word_1_182' title='bbox 1793 2704 1927 2747; x_wconf 91' lang='lat' dir='ltr'><strong>non</strong></span> 
     </span>
     <span class='ocr_line' id='line_1_29' title="bbox 94 2763 1801 2851; baseline 0.001 -24"><span class='ocrx_word' id='word_1_183' title='bbox 94 2764 375 2828; x_wconf 86' lang='lat' dir='ltr'><strong>Acriter</strong></span> <span class='ocrx_word' id='word_1_184' title='bbox 424 2763 718 2846; x_wconf 87' lang='lat' dir='ltr'><strong>elatrem,</strong></span> <span class='ocrx_word' id='word_1_185' title='bbox 763 2765 1037 2848; x_wconf 88' lang='lat' dir='ltr'><strong>pretium</strong></span> <span class='ocrx_word' id='word_1_186' title='bbox 1080 2769 1252 2831; x_wconf 89' lang='lat' dir='ltr'><strong>aetas</strong></span> <span class='ocrx_word' id='word_1_187' title='bbox 1299 2767 1498 2851; x_wconf 68' lang='lat' dir='ltr'><strong>altera</strong></span> <span class='ocrx_word' id='word_1_188' title='bbox 1540 2766 1801 2830; x_wconf 86' lang='lat' dir='ltr'><strong>sordet.’</strong></span> 
     </span>
     <span class='ocr_line' id='line_1_30' title="bbox 94 2847 1927 2996; baseline 0.002 -84"><span class='ocrx_word' id='word_1_189' title='bbox 94 2848 499 2933; x_wconf 81' lang='lat' dir='ltr'><strong>Ambigitur</strong></span> <span class='ocrx_word' id='word_1_190' title='bbox 544 2848 694 2932; x_wconf 89' lang='lat' dir='ltr'><strong>quid</strong></span> <span class='ocrx_word' id='word_1_191' title='bbox 733 2849 947 2914; x_wconf 77' lang='lat' dir='ltr'><strong>enim?</strong></span> <span class='ocrx_word' id='word_1_192' title='bbox 1023 2848 1250 2915; x_wconf 86' lang='lat' dir='ltr'><strong>Castor</strong></span> <span class='ocrx_word' id='word_1_193' title='bbox 1300 2849 1460 2996; x_wconf 54' lang='lat' dir='ltr'><strong>sciitt</strong></span> <span class='ocrx_word' id='word_1_194' title='bbox 1498 2871 1580 2913; x_wconf 92' lang='lat' dir='ltr'><strong>an</strong></span> <span class='ocrx_word' id='word_1_195' title='bbox 1618 2847 1927 2916; x_wconf 84' lang='lat' dir='ltr'><strong>Dolichos</strong></span> 
     </span>
    </p>

    <p class='ocr_par' dir='ltr' id='par_1_18' title="bbox 1415 2953 1517 2997">
     <span class='ocr_line' id='line_1_31' title="bbox 1415 2953 1517 2997; baseline -0.01 0"><span class='ocrx_word' id='word_1_196' title='bbox 1415 2953 1517 2997; x_wconf 92' lang='lat' dir='ltr'><strong>us·</strong></span> 
     </span>
    </p>

    <p class='ocr_par' dir='ltr' id='par_1_19' title="bbox 94 2955 2056 3441">
     <span class='ocr_line' id='line_1_32' title="bbox 94 2955 2056 3103; baseline 0.003 -25"><span class='ocrx_word' id='word_1_197' title='bbox 94 3016 541 3081; x_wconf 78' lang='lat' dir='ltr'><strong>3rundisium</strong></span> <span class='ocrx_word' id='word_1_198' title='bbox 583 3016 828 3081; x_wconf 91' lang='lat' dir='ltr'><strong>Minuci</strong></span> <span class='ocrx_word' id='word_1_199' title='bbox 869 3018 1095 3082; x_wconf 90' lang='lat' dir='ltr'><strong>melius</strong></span> <span class='ocrx_word' id='word_1_200' title='bbox 1137 3017 1242 3081; x_wconf 83' lang='lat' dir='ltr'><strong>via</strong></span> <span class='ocrx_word' id='word_1_201' title='bbox 1285 2955 1475 3082; x_wconf 57' lang='lat' dir='ltr'><strong>dileat</strong></span> <span class='ocrx_word' id='word_1_202' title='bbox 1502 2983 1598 3082; x_wconf 70' lang='lat' dir='ltr'><strong>’an</strong></span> <span class='ocrx_word' id='word_1_203' title='bbox 1645 3018 1835 3103; x_wconf 91' lang='lat' dir='ltr'><strong>Appi.</strong></span> <span class='ocrx_word' id='word_1_204' title='bbox 1986 3032 2056 3084; x_wconf 78' lang='lat'><strong>20</strong></span> 
     </span>
     <span class='ocr_line' id='line_1_33' title="bbox 94 3099 1925 3187; baseline 0.003 -25"><span class='ocrx_word' id='word_1_205' title='bbox 94 3099 308 3173; x_wconf 58' lang='lat' dir='ltr'><strong>Quem</strong></span> <span class='ocrx_word' id='word_1_206' title='bbox 360 3101 683 3165; x_wconf 85' lang='lat' dir='ltr'><strong>damnosa</strong></span> <span class='ocrx_word' id='word_1_207' title='bbox 710 3121 937 3183; x_wconf 76' lang='lat' dir='ltr'><strong>venue,</strong></span> <span class='ocrx_word' id='word_1_208' title='bbox 983 3122 1170 3185; x_wconf 91' lang='lat' dir='ltr'><strong>quem</strong></span> <span class='ocrx_word' id='word_1_209' title='bbox 1199 3123 1514 3187; x_wconf 38' lang='lat' dir='ltr'><strong>*praeceps</strong></span> <span class='ocrx_word' id='word_1_210' title='bbox 1545 3103 1682 3168; x_wconf 88' lang='lat' dir='ltr'><strong>alea</strong></span> <span class='ocrx_word' id='word_1_211' title='bbox 1707 3103 1925 3187; x_wconf 89' lang='lat' dir='ltr'><strong>nudat,</strong></span> 
     </span>
     <span class='ocr_line' id='line_1_34' title="bbox 94 3181 1769 3272; baseline 0.004 -27"><span class='ocrx_word' id='word_1_212' title='bbox 94 3181 329 3246; x_wconf 63' lang='lat' dir='ltr'><strong>{floria</strong></span> <span class='ocrx_word' id='word_1_213' title='bbox 382 3205 582 3267; x_wconf 90' lang='lat' dir='ltr'><strong>quem</strong></span> <span class='ocrx_word' id='word_1_214' title='bbox 626 3206 817 3268; x_wconf 87' lang='lat' dir='ltr'><strong>supra</strong></span> <span class='ocrx_word' id='word_1_215' title='bbox 856 3185 1022 3250; x_wconf 83' lang='lat' dir='ltr'><strong>vires</strong></span> <span class='ocrx_word' id='word_1_216' title='bbox 1068 3188 1130 3250; x_wconf 93' lang='lat' dir='ltr'><strong>et</strong></span> <span class='ocrx_word' id='word_1_217' title='bbox 1171 3186 1364 3250; x_wconf 86' lang='lat' dir='ltr'><strong>vestit</strong></span> <span class='ocrx_word' id='word_1_218' title='bbox 1407 3189 1473 3251; x_wconf 92' lang='lat' dir='ltr'><strong>et</strong></span> <span class='ocrx_word' id='word_1_219' title='bbox 1512 3187 1769 3272; x_wconf 83' lang='lat' dir='ltr'><strong>unguit,</strong></span> 
     </span>
     <span class='ocr_line' id='line_1_35' title="bbox 94 3265 1817 3354; baseline 0.005 -27"><span class='ocrx_word' id='word_1_220' title='bbox 94 3265 307 3340; x_wconf 70' lang='lat' dir='ltr'><strong>2uem</strong></span> <span class='ocrx_word' id='word_1_221' title='bbox 360 3269 555 3332; x_wconf 84' lang='lat' dir='ltr'><strong>tenet</strong></span> <span class='ocrx_word' id='word_1_222' title='bbox 595 3269 846 3354; x_wconf 85' lang='lat' dir='ltr'><strong>argenti</strong></span> <span class='ocrx_word' id='word_1_223' title='bbox 892 3269 1030 3334; x_wconf 89' lang='lat' dir='ltr'><strong>sitis</strong></span> <span class='ocrx_word' id='word_1_224' title='bbox 1075 3271 1423 3354; x_wconf 85' lang='lat' dir='ltr'><strong>inportuna</strong></span> <span class='ocrx_word' id='word_1_225' title='bbox 1464 3268 1817 3354; x_wconf 81' lang='lat' dir='ltr'><strong>famesque,</strong></span> 
     </span>
     <span class='ocr_line' id='line_1_36' title="bbox 94 3350 1880 3441; baseline 0.004 -29"><span class='ocrx_word' id='word_1_226' title='bbox 94 3350 303 3424; x_wconf 58' lang='lat' dir='ltr'><strong>baem</strong></span> <span class='ocrx_word' id='word_1_227' title='bbox 358 3355 769 3434; x_wconf 86' lang='lat' dir='ltr'><strong>paupertatis</strong></span> <span class='ocrx_word' id='word_1_228' title='bbox 811 3353 1015 3437; x_wconf 91' lang='lat' dir='ltr'><strong>pudor</strong></span> <span class='ocrx_word' id='word_1_229' title='bbox 1059 3357 1123 3419; x_wconf 92' lang='lat' dir='ltr'><strong>et</strong></span> <span class='ocrx_word' id='word_1_230' title='bbox 1162 3355 1345 3441; x_wconf 87' lang='lat' dir='ltr'><strong>fuga,</strong></span> <span class='ocrx_word' id='word_1_231' title='bbox 1393 3356 1567 3420; x_wconf 85' lang='lat' dir='ltr'><strong>dives</strong></span> <span class='ocrx_word' id='word_1_232' title='bbox 1611 3355 1852 3421; x_wconf 85' lang='lat' dir='ltr'><strong>amicus</strong></span> <span class='ocrx_word' id='word_1_233' title='bbox 1860 3404 1880 3440; x_wconf 88' lang='lat'><strong>,</strong></span> 
     </span>
    </p>
   </div>
   <div class='ocr_carea' id='block_1_7' title="bbox 94 3434 2055 3596">
    <p class='ocr_par' dir='ltr' id='par_1_20' title="bbox 94 3434 2055 3596">
     <span class='ocr_line' id='line_1_37' title="bbox 94 3434 2055 3526; baseline 0.004 -30"><span class='ocrx_word' id='word_1_234' title='bbox 94 3437 300 3517; x_wconf 68' lang='lat' dir='ltr'><strong>laepe</strong></span> <span class='ocrx_word' id='word_1_235' title='bbox 358 3434 596 3499; x_wconf 86' lang='lat' dir='ltr'><strong>decem</strong></span> <span class='ocrx_word' id='word_1_236' title='bbox 639 3438 810 3502; x_wconf 85' lang='lat' dir='ltr'><strong>vitiis</strong></span> <span class='ocrx_word' id='word_1_237' title='bbox 852 3438 1250 3526; x_wconf 87' lang='lat' dir='ltr'><strong>instructior,</strong></span> <span class='ocrx_word' id='word_1_238' title='bbox 1297 3440 1434 3505; x_wconf 88' lang='lat' dir='ltr'><strong>odit</strong></span> <span class='ocrx_word' id='word_1_239' title='bbox 1476 3442 1542 3504; x_wconf 90' lang='lat' dir='ltr'><strong>et</strong></span> <span class='ocrx_word' id='word_1_240' title='bbox 1581 3439 1829 3525; x_wconf 90' lang='lat' dir='ltr'><strong>horret,</strong></span> <span class='ocrx_word' id='word_1_241' title='bbox 1984 3451 2055 3503; x_wconf 74' lang='lat'><strong>25</strong></span> 
     </span>
     <span class='ocr_line' id='line_1_38' title="bbox 168 3535 1747 3596; baseline 0.013 -21"><span class='ocrx_word' id='word_1_242' title='bbox 168 3535 489 3580; x_wconf 66' lang='lat' dir='ltr'><strong>Hom-rurs.</strong></span> <span class='ocrx_word' id='word_1_243' title='bbox 1682 3546 1747 3596; x_wconf 83' lang='lat'><strong>14</strong></span> 
     </span>
    </p>
   </div>
  </div>
 </body>
</html>
