2514 3950
225 170 311 245 11.]

1017 176 1233 232 LIBER
1275 178 1344 235 H.

425 333 772 399 Redditum
817 335 969 419 Gyri
1014 338 1175 402 solio
1220 339 1583 410 Phrahaten

423 417 757 484 Dissidens
801 421 975 504 plebi
1016 444 1282 487 numero
1328 425 1659 492 beatorum

423 500 882 652 Effloommst
844 526 940 652 11ῗί
993 507 1425 592 populumque
1468 509 1647 575 falsis

423 701 705 769 Vocibus
719 754 737 789 ‚
783 727 1053 803 regnum
1098 711 1164 773 et
1206 708 1497 773 diadema
1538 713 1749 775 tutum

422 784 733 853 Deferens
776 812 890 853 um
930 793 1380 876 propriamque
1424 794 1702 879 laurum,

426 867 723 954 Quisquis
768 873 1063 958 ingentes
1108 876 1293 941 oculo
1338 877 1648 943 inretorto

518 952 780 1038 Spectat
822 978 1098 1023 acervos,

1102 1211 1228 1286 [Π.

421 1340 712 1424 Aequam
753 1342 1073 1406 memento
1116 1343 1305 1408 rebus
1349 1344 1420 1409 in
1462 1346 1674 1413 arduis

423 1421 684 1490 Servare
727 1428 1037 1510 mentem,
1082 1448 1215 1491 non
1259 1449 1439 1494 secus
1483 1430 1552 1495 in
1595 1432 1783 1499 bonis

513 1508 618 1573 Ab
661 1509 967 1574 insolenti
1009 1515 1427 1596 temperatam

612 1591 919 1677 Laetitia,
964 1597 1269 1662 moriture
1311 1596 1514 1682 Delli,

423 1706 549 1771 Seu
589 1714 867 1776 maestus
912 1714 1089 1777 omni
1130 1716 1417 1798 tempore
1459 1716 1692 1782 vixeris
1702 1766 1721 1800 ‚

420 1789 546 1856 Seu
587 1796 651 1857 te
693 1795 765 1858 in
805 1799 1050 1861 remoto
1094 1799 1383 1882 gramine
1436 1823 1551 1884 per
1592 1801 1726 1867 dies

509 1874 734 1940 Festos
777 1879 1155 1944 reclinatum
1195 1882 1403 1946 bearis

610 1958 920 2026 Interiore
962 1964 1119 2027 nota
1159 1963 1432 2029 Falerni.

420 2073 559 2151 Quo
602 2077 792 2160 pinus
836 2079 1065 2163 ingens
1110 2081 1378 2166 albaque
1420 2084 1692 2167 populus

413 2156 724 2225 Umbram
764 2161 884 2226 hos
931 2164 1146 2229 italem
1191 2167 1554 2231 consociare
1598 2172 1815 2235 amant

506 2242 775 2310 Ramis‘?
865 2185 1030 2322 (guid
1074 2248 1334 2333 obliquo
1380 2251 1630 2316 laborat

607 2327 900 2414 Lympha
941 2332 1137 2418 fugax
1178 2334 1495 2418 trepidare
1537 2337 1673 2401 rivo
1686 2337 1721 2401 ⁴?

413 2440 558 2508 Huc
599 2445 748 2509 vina
791 2451 858 2511 et
896 2451 1224 2533 unguenta
1267 2454 1332 2515 et
1371 2452 1643 2518 nimium
1684 2455 1906 2521 breves

413 2524 634 2592 Flores
678 2550 982 2595 amoenae
1030 2532 1194 2597 ferre
1236 2534 1383 2600 iube
1425 2558 1636 2622 rosae,

503 2608 677 2675 Dum
718 2633 820 2676 res
866 2616 931 2677 et
972 2618 1144 2679 aetas
1190 2620 1254 2682 et
1296 2640 1584 2685 sororum

605 2692 746 2758 Fila
787 2696 982 2762 trium
1023 2701 1355 2782 patiuntur
1397 2708 1550 2769 atra.

414 2808 614 2876 Cedes
659 2815 967 2898 coemptis
1013 2817 1280 2883 saltibus
1325 2824 1390 2884 et
1432 2820 1622 2886 domo

409 2892 583 2960 Villa
624 2917 704 2960 ue
713 2946 733 2981 ,
777 2897 976 2963 flavus
1022 2922 1210 2984 quam
1254 2902 1502 2967 Tiberis
1547 2904 1735 2989 lavit,

503 2978 593 3065 Ge
639 3001 735 3063 eS,
783 2985 848 3046 et
890 2986 1226 3049 exstructis
1269 2986 1342 3050 in
1384 2987 1583 3052 altum

600 3061 861 3130 Divitiis
902 3067 1184 3150 potietur
1224 3069 1428 3137 heres.

410 3176 686 3246 Divesne
728 3183 940 3266 prisco
983 3188 1171 3251 natus
1215 3188 1296 3253 ab
1338 3188 1577 3257 Inacho

409 3258 522 3325 Nil
563 3263 831 3331 interest
873 3290 956 3333 an
997 3291 1237 3355 pauper
1281 3276 1346 3337 et
1385 3275 1605 3341 infima

500 3343 598 3409 De
601 3353 832 3495 Vgente
876 3353 994 3417 sub
1039 3355 1184 3421 divo
1228 3361 1524 3445 moreris,

526 3439 529 3442 '
662 3432 880 3500 ictima
921 3439 1017 3502 nil
1057 3441 1420 3510 miserantis
1467 3444 1630 3511 Orci.

295 3523 555 3572 Hounvs.
1786 3554 1825 3604 3

2058 177 2147 244 33

2064 609 2147 662 ¹20

2068 2187 2136 2237 10

2068 2639 2134 2688 15

2061 3090 2131 3139 20
