2514 3950
803 834 1599 936 EPODON

1092 1030 1323 1083 mm„

1161 1199 1219 1275 Ι.

443 1302 596 1400 Ibis
640 1331 939 1396 Liburnis
984 1331 1150 1395 inter
1194 1331 1323 1394 alta
1365 1330 1655 1415 navium,

534 1417 791 1500 Amice,
835 1416 1347 1500 propugnacula,

439 1501 707 1566 Paratus
750 1521 940 1565 omne
984 1499 1274 1566 Caesaris
1317 1501 1667 1584 periculum

534 1585 790 1670 subire,
834 1584 1200 1670 Maecenas,
1244 1587 1377 1649 tuo,

441 1670 605 1746 Quid
648 1691 798 1754 nos,
845 1669 1073 1754 quibus
1115 1672 1180 1734 te
1223 1670 1357 1734 vita
1400 1671 1455 1734 si
1500 1668 1838 1754 superstite

529 1753 845 1835 Iucunda,
891 1754 947 1818 si
991 1757 1244 1836 eontra,
1289 1753 1546 1839 gravis?

437 1839 752 1903 Vtrumne
805 1838 960 1901 iussi
1002 1859 1454 1920 persequemur
1496 1838 1699 1901 otium

533 1921 686 1987 Non
730 1920 942 2002 dulce,
985 1920 1056 1983 ni
1097 1922 1311 1983 tecum
1355 1919 1575 2001 simul,

441 2006 551 2068 An
590 2004 763 2067 hunc
804 2003 1086 2067 laborem
1129 2005 1344 2067 mente
1387 2002 1607 2086 laturi,
1654 2002 1834 2068 decet

536 2087 677 2163 Qua
719 2087 883 2151 ferre
925 2108 1059 2150 non
1101 2086 1331 2152 molles
1374 2085 1587 2151 viros?

442 2171 741 2236 Feremus
751 2220 771 2254 ‚
816 2173 880 2236 et
921 2173 986 2235 te
1028 2172 1130 2236 vel
1219 2192 1287 2235 er
1328 2170 1592 2255 Alpium
1633 2171 1785 2257 iuga

533 2256 994 2340 Inhospitalem
1038 2258 1103 2320 et
1200 2277 1530 2339 aucasum‚

440 2340 563 2405 Vel
606 2339 969 2406 Occidentis
1012 2361 1211 2424 usque
1255 2340 1336 2404 ad
1378 2341 1672 2404 ultimum
1715 2341 1926 2405 sinum

532 2424 710 2489 Forti
755 2445 1090 2508 sequemur
1131 2426 1408 2508 pectore.

440 2507 539 2573 Ro
588 2529 685 2590 es,
727 2511 909 2572 tuum
951 2508 1171 2571 labore
1214 2507 1367 2591 quid
1408 2507 1618 2576 iuvem
1660 2531 1803 2575 meo
1815 2558 1835 2593 ‚

612 2591 800 2655 bellis
843 2613 916 2655 ac
958 2592 1178 2655 firmus
1225 2591 1497 2675 parum?

441 2675 672 2743 Comes
715 2675 962 2740 minore
1005 2697 1145 2740 sum
1187 2676 1436 2741 futurus
1480 2677 1550 2740 in
1591 2680 1800 2761 metu,

533 2760 656 2836 Qui
700 2760 906 2826 maior
948 2760 1241 2824 absentes
1285 2760 1504 2824 habet:

441 2843 533 2909 Vt
575 2843 870 2909 adsidens
913 2844 1307 2928 inplumibus
1350 2844 1543 2927 pullis
1589 2844 1726 2909 avis

533 2927 936 3013 Serpentium
980 2927 1278 3012 adlapsus
1320 2928 1506 2990 timet

441 3013 511 3077 M
604 3013 654 3077 ‘s
696 3012 969 3095 relictis,
1012 3032 1149 3076 non
1188 3013 1286 3075 uti
1330 3010 1414 3074 sit
1456 3010 1652 3075 auxili

587 3100 771 3163 atura
811 3096 956 3180 plus
998 3093 1457 3179 praesentibus.
1615 3167 1622 3175 ,

439 3179 740 3246 Libenter
782 3180 907 3245 hoc
950 3182 1016 3244 et
1058 3200 1246 3244 omne
1290 3178 1670 3244 militabitur

532 3264 785 3329 Bellum
829 3265 899 3328 in
940 3266 1088 3328 tuae
1132 3285 1312 3347 spem
1353 3264 1632 3349 gratiae,

439 3345 593 3414 Non
633 3351 708 3412 ut
747 3348 1031 3414 iuvencis
1068 3348 1347 3433 inligata
1387 3348 1673 3433 pluribus

537 3431 767 3495 Aratra
805 3433 1095 3510 nitantur
1136 3454 1307 3514 mea,

2095 2102 2160 2151 10

2095 2523 2157 2572 15

2093 2940 2161 2991 20
