2514 3950
349 136 441 207 ,80
1118 141 1513 198 CARMINVM
1984 143 2284 216 [xxva.

1129 323 1496 397 XXVIIII.
2017 308 2265 431 μεθύω

523 454 855 606 {Gy-“hena
896 476 1120 540 regum
1163 454 1503 539 progenies
1513 502 1532 537 ‚
1575 453 1697 518 tibi

590 561 677 604 on
719 542 868 604 ante
911 560 1093 604 verso
1139 539 1283 602 lene
1326 560 1572 603 merum
1615 537 1772 603 cado

611 622 775 689 Cum
816 624 1000 706 flore,
1044 622 1412 705 Maecenas,
1461 643 1751 686 rosarum
1794 625 1860 688 et

701 707 928 772 Pressa
969 707 1097 771 tuis
1145 706 1415 771 balanus
1460 706 1708 790 capillis

357 854 388 903 5
526 841 883 907 Iandudum
926 841 1094 925 apud
1136 844 1331 905 mest:
1398 841 1570 925 eripe
1612 844 1677 905 te
1718 861 1970 928 morae«,

522 925 589 992 N
591 948 625 990 e
669 947 919 1009 semper
959 924 1155 989 udum
1197 924 1396 989 Tibur
1440 928 1506 989 et
1543 925 1815 990 Aefulae

610 1008 870 1074 Dech’ve
915 1008 1364 1093 contempleris
1410 1031 1631 1074 arvum
1675 1011 1741 1073 et

702 1093 1013 1180 Telegoni
1054 1094 1207 1180 iuga
1248 1094 1622 1177 parricidae.

528 1228 952 1294 Fastidiosam
995 1229 1211 1294 desere
1256 1229 1508 1313 copiam
1552 1231 1617 1293 et

361 1326 435 1389 ιο,
525 1312 765 1378 Molem
806 1313 1232 1397 propinquam
1274 1313 1549 1378 nubibus
1593 1312 1806 1378 arduis
1816 1361 1836 1396 ‚

611 1396 853 1461 Omitte
896 1397 1114 1461 mirari
1155 1398 1380 1462 beatae

704 1480 978 1545 Fumum
1023 1482 1087 1544 et
1131 1502 1286 1565 opes
1331 1482 1789 1565 strepitumque
1831 1480 2090 1547 Romae.

526 1616 904 1700 Plerumque
946 1619 1169 1700 gratae
1214 1615 1514 1681 divitibus
1556 1617 1726 1681 vices

527 1699 928 1783 Mundaeque
969 1721 1166 1784 parvo
1212 1699 1331 1764 sub
1375 1701 1505 1764 lare
1548 1721 1896 1784 pauperum

300 1842 329 1865 ,
363 1796 425 1845 15
616 1782 827 1848 Cenae
871 1785 1007 1848 sine
1052 1785 1287 1849 aulaeis
1333 1788 1397 1848 et
1439 1787 1611 1849 ostro

705 1866 1058 1934 Sollicitam
1099 1869 1454 1953 explicuere
1498 1869 1794 1932 frontem.

526 2003 667 2068 Iam
711 2005 915 2069 clarus
961 2006 1282 2070 occultum
1325 2003 1769 2068 Andromedae
1810 2006 1995 2086 pater

527 2087 824 2152 Ostendit
865 2090 1111 2172 ignem,
1157 2088 1286 2150 iam
1328 2086 1624 2170 Procyon
1665 2087 1820 2151 furit

611 2170 699 2234 Et
741 2172 927 2234 stella
968 2170 1189 2233 vesani
1230 2169 1465 2233 Leonis

357 2268 425 2317 20
707 2252 854 2317 Sole
899 2253 1032 2316 dies
1077 2252 1390 2316 referente
1434 2252 1664 2316 siccos:

526 2387 665 2452 Iam
706 2388 929 2471 pastor
970 2387 1226 2451 umbras
1272 2406 1416 2450 cum
1458 2407 1571 2470 gre
1621 2408 1653 2449 e
1697 2386 1997 2471 languido

526 2470 880 2553 Rivumque
922 2471 1127 2535 fessus
1173 2471 1421 2554 quaerit
1462 2473 1527 2534 et
1615 2470 1810 2535 orridi

610 2554 887 2618 Dumeta
929 2553 1203 2638 Silvani,
1250 2557 1544 2639 caretque

702 2638 869 2722 Ripa
908 2639 1089 2723 vagis
1132 2639 1450 2703 taciturna
1489 2640 1717 2705 ventis.

358 2787 425 2837 25
533 2774 630 2839 Tu
675 2775 995 2839 civitatem
1038 2774 1179 2859 quis
1223 2773 1440 2838 deceat
1482 2778 1682 2839 status

531 2858 729 2924 Curas
775 2861 840 2924 et
879 2858 1041 2924 Vrbi
1085 2858 1397 2923 sollicitus
1441 2858 1627 2924 times
1636 2908 1655 2943 ,

615 2942 781 3017 Quid
825 2941 1006 3008 Seres
1052 2946 1115 3007 et
1156 2964 1224 3007 re
1355 2946 1424 3007 ta
1466 2942 1633 3027 Cyro

704 3025 937 3090 Bactra
976 3030 1206 3110 parent
1304 3028 1604 3111 anaisque
1650 3027 1904 3092 discors.

527 3161 815 3226 Prudens
857 3161 1056 3226 futuri
1099 3164 1405 3246 temporis
1450 3164 1688 3227 exitum

362 3259 429 3309 30
537 3245 906 3330 Caliginosa
946 3250 1137 3311 nocte
1178 3246 1414 3330 premit
1455 3246 1639 3329 deuS,

611 3330 926 3413 Ridetque
971 3330 1027 3393 si
1069 3331 1358 3393 mortalis
1402 3329 1569 3393 ultra

705 3412 829 3477 Fas
870 3412 1162 3494 trepidat.
1256 3411 1439 3486 Quod
1481 3413 1660 3478 adest
1701 3417 2018 3482 memento
