<?xml version="1.0" encoding="UTF-8"?>
<!DOCTYPE html PUBLIC "-//W3C//DTD XHTML 1.0 Transitional//EN"
    "http://www.w3.org/TR/xhtml1/DTD/xhtml1-transitional.dtd">
<html xmlns="http://www.w3.org/1999/xhtml" xml:lang="en" lang="en">
 <head>
  <title>
</title>
<meta http-equiv="Content-Type" content="text/html;charset=utf-8" />
  <meta name='ocr-system' content='tesseract 3.04.00' />
  <meta name='ocr-capabilities' content='ocr_page ocr_carea ocr_par ocr_line ocrx_word'/>
</head>
<body>
  <div class='ocr_page' id='page_1' title='image "./carmina00horagoog_0095.png"; bbox 0 0 2514 3950; ppageno 0'>
   <div class='ocr_carea' id='block_1_1' title="bbox 114 133 429 239">
    <p class='ocr_par' dir='ltr' id='par_1_1' title="bbox 114 133 429 239">
     <span class='ocr_line' id='line_1_1' title="bbox 114 133 429 239; baseline 0 -101"><span class='ocrx_word' id='word_1_1' title='bbox 114 133 429 239; x_wconf 62' lang='lat' dir='ltr'>‚mm</span> 
     </span>
    </p>
   </div>
   <div class='ocr_carea' id='block_1_2' title="bbox 1034 166 1338 223">
    <p class='ocr_par' dir='ltr' id='par_1_2' title="bbox 1034 166 1338 223">
     <span class='ocr_line' id='line_1_2' title="bbox 1034 166 1338 223; baseline 0 -1"><span class='ocrx_word' id='word_1_2' title='bbox 1034 166 1251 222; x_wconf 86' lang='lat' dir='ltr'>LIBER</span> <span class='ocrx_word' id='word_1_3' title='bbox 1294 167 1338 223; x_wconf 92' lang='grc' dir='ltr'>Ι.</span> 
     </span>
    </p>
   </div>
   <div class='ocr_carea' id='block_1_3' title="bbox 442 327 1677 666">
    <p class='ocr_par' dir='ltr' id='par_1_3' title="bbox 442 327 1632 414">
     <span class='ocr_line' id='line_1_3' title="bbox 442 327 1632 414; baseline 0.003 -22"><span class='ocrx_word' id='word_1_4' title='bbox 442 327 741 394; x_wconf 84' lang='lat' dir='ltr'>Dissolve</span> <span class='ocrx_word' id='word_1_5' title='bbox 782 328 986 414; x_wconf 81' lang='lat' dir='ltr'>frigus</span> <span class='ocrx_word' id='word_1_6' title='bbox 1031 329 1213 414; x_wconf 82' lang='lat' dir='ltr'>ligna</span> <span class='ocrx_word' id='word_1_7' title='bbox 1256 350 1448 412; x_wconf 89' lang='lat' dir='ltr'>super</span> <span class='ocrx_word' id='word_1_8' title='bbox 1488 330 1632 395; x_wconf 88' lang='lat' dir='ltr'>foco</span> 
     </span>
    </p>

    <p class='ocr_par' dir='ltr' id='par_1_4' title="bbox 443 411 1626 498">
     <span class='ocr_line' id='line_1_4' title="bbox 443 411 1626 498; baseline 0.001 -21"><span class='ocrx_word' id='word_1_9' title='bbox 443 411 651 497; x_wconf 81' lang='lat' dir='ltr'>Largo</span> <span class='ocrx_word' id='word_1_10' title='bbox 692 434 1010 497; x_wconf 84' lang='lat' dir='ltr'>reponens</span> <span class='ocrx_word' id='word_1_11' title='bbox 1055 415 1242 497; x_wconf 76' lang='lat' dir='ltr'>atque</span> <span class='ocrx_word' id='word_1_12' title='bbox 1285 413 1626 498; x_wconf 74' lang='lat' dir='ltr'><strong>benignius</strong></span> 
     </span>
    </p>

    <p class='ocr_par' dir='ltr' id='par_1_5' title="bbox 536 496 1677 666">
     <span class='ocr_line' id='line_1_5' title="bbox 536 496 1613 581; baseline 0.001 -20"><span class='ocrx_word' id='word_1_13' title='bbox 536 496 636 561; x_wconf 93' lang='lat' dir='ltr'>De</span> <span class='ocrx_word' id='word_1_14' title='bbox 681 518 859 562; x_wconf 89' lang='lat' dir='ltr'>rome</span> <span class='ocrx_word' id='word_1_15' title='bbox 902 496 1303 581; x_wconf 86' lang='lat' dir='ltr'>quadrimum</span> <span class='ocrx_word' id='word_1_16' title='bbox 1348 497 1613 580; x_wconf 85' lang='lat' dir='ltr'>Sabina,</span> 
     </span>
     <span class='ocr_line' id='line_1_6' title="bbox 635 519 1677 666; baseline 0 -20"><span class='ocrx_word' id='word_1_17' title='bbox 635 519 695 646; x_wconf 58' lang='grc' dir='ltr'>ὃ</span> <span class='ocrx_word' id='word_1_18' title='bbox 739 581 1148 666; x_wconf 83' lang='lat' dir='ltr'>Thaliarche,</span> <span class='ocrx_word' id='word_1_19' title='bbox 1192 603 1441 647; x_wconf 87' lang='lat' dir='ltr'>merum</span> <span class='ocrx_word' id='word_1_20' title='bbox 1484 581 1677 646; x_wconf 76' lang='lat' dir='ltr'>diota.</span> 
     </span>
    </p>
   </div>
   <div class='ocr_carea' id='block_1_4' title="bbox 442 699 1686 868">
    <p class='ocr_par' dir='ltr' id='par_1_6' title="bbox 442 699 1686 868">
     <span class='ocr_line' id='line_1_7' title="bbox 442 699 1630 784; baseline -0.002 -19"><span class='ocrx_word' id='word_1_21' title='bbox 442 699 748 765; x_wconf 69' lang='lat' dir='ltr'>Permitte</span> <span class='ocrx_word' id='word_1_22' title='bbox 793 699 955 764; x_wconf 88' lang='lat' dir='ltr'>divis</span> <span class='ocrx_word' id='word_1_23' title='bbox 998 702 1238 784; x_wconf 69' lang='lat' dir='ltr'>cetera,</span> <span class='ocrx_word' id='word_1_24' title='bbox 1285 700 1396 784; x_wconf 88' lang='lat' dir='ltr'>qui</span> <span class='ocrx_word' id='word_1_25' title='bbox 1440 699 1630 764; x_wconf 90' lang='lat' dir='ltr'>simul</span> 
     </span>
     <span class='ocr_line' id='line_1_8' title="bbox 445 782 1686 868; baseline -0.001 -19"><span class='ocrx_word' id='word_1_26' title='bbox 445 782 737 849; x_wconf 71' lang='lat' dir='ltr'>Stravere</span> <span class='ocrx_word' id='word_1_27' title='bbox 777 786 1005 849; x_wconf 75' lang='lat' dir='ltr'>ventos</span> <span class='ocrx_word' id='word_1_28' title='bbox 1049 804 1323 868; x_wconf 85' lang='lat' dir='ltr'>aequore</span> <span class='ocrx_word' id='word_1_29' title='bbox 1363 784 1609 849; x_wconf 88' lang='lat' dir='ltr'>fervido</span> <span class='ocrx_word' id='word_1_30' title='bbox 1685 830 1686 833; x_wconf 63' lang='lat'>,</span> 
     </span>
    </p>
   </div>
   <div class='ocr_carea' id='block_1_5' title="bbox 534 867 1639 1037">
    <p class='ocr_par' dir='ltr' id='par_1_7' title="bbox 534 867 1639 1037">
     <span class='ocr_line' id='line_1_9' title="bbox 534 867 1543 953; baseline 0 -20"><span class='ocrx_word' id='word_1_31' title='bbox 534 867 634 933; x_wconf 93' lang='lat' dir='ltr'>De</span> <span class='ocrx_word' id='word_1_32' title='bbox 678 868 1022 933; x_wconf 65' lang='lat' dir='ltr'>roelianiaes</span> <span class='ocrx_word' id='word_1_33' title='bbox 1034 918 1053 953; x_wconf 89' lang='lat'><em>,</em></span> <span class='ocrx_word' id='word_1_34' title='bbox 1097 889 1218 933; x_wconf 90' lang='lat' dir='ltr'>nec</span> <span class='ocrx_word' id='word_1_35' title='bbox 1262 869 1543 953; x_wconf 81' lang='lat' dir='ltr'>cupressi</span> 
     </span>
     <span class='ocr_line' id='line_1_10' title="bbox 704 953 1639 1037; baseline 0.001 -20"><span class='ocrx_word' id='word_1_36' title='bbox 704 972 776 1016; x_wconf 88' lang='lat' dir='ltr'>ec</span> <span class='ocrx_word' id='word_1_37' title='bbox 817 955 1062 1017; x_wconf 69' lang='lat' dir='ltr'>veteres</span> <span class='ocrx_word' id='word_1_38' title='bbox 1106 953 1435 1037; x_wconf 67' lang='lat' dir='ltr'>agitanhir</span> <span class='ocrx_word' id='word_1_39' title='bbox 1478 953 1639 1018; x_wconf 88' lang='lat' dir='ltr'>orni.</span> 
     </span>
    </p>
   </div>
   <div class='ocr_carea' id='block_1_6' title="bbox 444 1067 1928 1406">
    <p class='ocr_par' dir='ltr' id='par_1_8' title="bbox 444 1067 1928 1406">
     <span class='ocr_line' id='line_1_11' title="bbox 445 1067 1928 1153; baseline 0.003 -22"><span class='ocrx_word' id='word_1_40' title='bbox 445 1067 614 1144; x_wconf 84' lang='lat' dir='ltr'>Quid</span> <span class='ocrx_word' id='word_1_41' title='bbox 658 1069 743 1132; x_wconf 72' lang='lat' dir='ltr'>sit</span> <span class='ocrx_word' id='word_1_42' title='bbox 783 1068 1070 1132; x_wconf 65' lang='lat' dir='ltr'>futurum</span> <span class='ocrx_word' id='word_1_43' title='bbox 1114 1090 1252 1133; x_wconf 86' lang='lat' dir='ltr'>cras</span> <span class='ocrx_word' id='word_1_44' title='bbox 1262 1118 1281 1151; x_wconf 90' lang='lat'><em>‚</em></span> <span class='ocrx_word' id='word_1_45' title='bbox 1325 1070 1478 1153; x_wconf 82' lang='lat' dir='ltr'>fuge</span> <span class='ocrx_word' id='word_1_46' title='bbox 1565 1091 1820 1136; x_wconf 87' lang='lat' dir='ltr'>uaerere</span> <span class='ocrx_word' id='word_1_47' title='bbox 1863 1075 1928 1137; x_wconf 73' lang='lat' dir='ltr'>et</span> 
     </span>
     <span class='ocr_line' id='line_1_12' title="bbox 444 1151 1876 1235; baseline 0.003 -20"><span class='ocrx_word' id='word_1_48' title='bbox 444 1151 650 1227; x_wconf 82' lang='lat' dir='ltr'><strong>Quem</strong></span> <span class='ocrx_word' id='word_1_49' title='bbox 692 1151 826 1216; x_wconf 86' lang='lat' dir='ltr'>fors</span> <span class='ocrx_word' id='word_1_50' title='bbox 872 1151 1117 1216; x_wconf 86' lang='lat' dir='ltr'>dierum</span> <span class='ocrx_word' id='word_1_51' title='bbox 1161 1172 1429 1235; x_wconf 85' lang='lat' dir='ltr'>cumque</span> <span class='ocrx_word' id='word_1_52' title='bbox 1473 1151 1555 1216; x_wconf 89' lang='lat' dir='ltr'>da</span> <span class='ocrx_word' id='word_1_53' title='bbox 1598 1154 1653 1217; x_wconf 72' lang='lat' dir='ltr'>it</span> <span class='ocrx_word' id='word_1_54' title='bbox 1700 1155 1876 1219; x_wconf 92' lang='lat' dir='ltr'>lucro</span> 
     </span>
     <span class='ocr_line' id='line_1_13' title="bbox 537 1236 1554 1319; baseline 0 -20"><span class='ocrx_word' id='word_1_55' title='bbox 537 1236 641 1299; x_wconf 90' lang='lat' dir='ltr'>Ad</span> <span class='ocrx_word' id='word_1_56' title='bbox 688 1256 838 1319; x_wconf 89' lang='lat' dir='ltr'>one,</span> <span class='ocrx_word' id='word_1_57' title='bbox 883 1256 1004 1300; x_wconf 90' lang='lat' dir='ltr'>nec</span> <span class='ocrx_word' id='word_1_58' title='bbox 1047 1236 1262 1300; x_wconf 82' lang='lat' dir='ltr'>dulces</span> <span class='ocrx_word' id='word_1_59' title='bbox 1306 1256 1554 1300; x_wconf 85' lang='lat' dir='ltr'>amores</span> 
     </span>
     <span class='ocr_line' id='line_1_14' title="bbox 685 1319 1789 1406; baseline 0 -22"><span class='ocrx_word' id='word_1_60' title='bbox 685 1341 882 1404; x_wconf 89' lang='lat' dir='ltr'>perne</span> <span class='ocrx_word' id='word_1_61' title='bbox 924 1341 1084 1404; x_wconf 90' lang='lat' dir='ltr'>puer</span> <span class='ocrx_word' id='word_1_62' title='bbox 1124 1341 1333 1403; x_wconf 87' lang='lat' dir='ltr'>neque</span> <span class='ocrx_word' id='word_1_63' title='bbox 1375 1322 1449 1384; x_wconf 72' lang='lat' dir='ltr'>tu</span> <span class='ocrx_word' id='word_1_64' title='bbox 1494 1319 1789 1406; x_wconf 83' lang='lat' dir='ltr'>choreas,</span> 
     </span>
    </p>
   </div>
   <div class='ocr_carea' id='block_1_7' title="bbox 440 1438 1729 1622">
    <p class='ocr_par' dir='ltr' id='par_1_9' title="bbox 440 1438 1729 1622">
     <span class='ocr_line' id='line_1_15' title="bbox 440 1438 1479 1504; baseline -0.001 -1"><span class='ocrx_word' id='word_1_65' title='bbox 440 1438 667 1504; x_wconf 91' lang='lat' dir='ltr'>Donec</span> <span class='ocrx_word' id='word_1_66' title='bbox 707 1438 942 1503; x_wconf 77' lang='lat' dir='ltr'>virenfi</span> <span class='ocrx_word' id='word_1_67' title='bbox 986 1438 1251 1504; x_wconf 75' lang='lat' dir='ltr'><strong>canities</strong></span> <span class='ocrx_word' id='word_1_68' title='bbox 1297 1439 1479 1503; x_wconf 76' lang='lat' dir='ltr'>abest</span> 
     </span>
     <span class='ocr_line' id='line_1_16' title="bbox 442 1523 1729 1622; baseline 0.002 -35"><span class='ocrx_word' id='word_1_69' title='bbox 442 1523 722 1588; x_wconf 88' lang='lat' dir='ltr'>Morosa.</span> <span class='ocrx_word' id='word_1_70' title='bbox 796 1528 981 1588; x_wconf 86' lang='lat' dir='ltr'>Nunc</span> <span class='ocrx_word' id='word_1_71' title='bbox 1025 1526 1090 1588; x_wconf 71' lang='lat' dir='ltr'>et</span> <span class='ocrx_word' id='word_1_72' title='bbox 1132 1545 1393 1608; x_wconf 86' lang='lat' dir='ltr'>campus</span> <span class='ocrx_word' id='word_1_73' title='bbox 1437 1526 1503 1587; x_wconf 73' lang='lat' dir='ltr'>et</span> <span class='ocrx_word' id='word_1_74' title='bbox 1545 1545 1729 1622; x_wconf 79' lang='lat' dir='ltr'>areae</span> 
     </span>
    </p>
   </div>
   <div class='ocr_carea' id='block_1_8' title="bbox 533 1607 1630 1777">
    <p class='ocr_par' dir='ltr' id='par_1_10' title="bbox 533 1607 1630 1777">
     <span class='ocr_line' id='line_1_17' title="bbox 533 1607 1613 1691; baseline 0 -19"><span class='ocrx_word' id='word_1_75' title='bbox 533 1607 863 1691; x_wconf 87' lang='lat' dir='ltr'>Lenesque</span> <span class='ocrx_word' id='word_1_76' title='bbox 908 1608 1026 1672; x_wconf 87' lang='lat' dir='ltr'>sub</span> <span class='ocrx_word' id='word_1_77' title='bbox 1068 1611 1326 1673; x_wconf 74' lang='lat' dir='ltr'>noctem</span> <span class='ocrx_word' id='word_1_78' title='bbox 1370 1629 1613 1673; x_wconf 78' lang='lat' dir='ltr'>susurri</span> 
     </span>
     <span class='ocr_line' id='line_1_18' title="bbox 637 1689 1630 1777; baseline -0.001 -20"><span class='ocrx_word' id='word_1_79' title='bbox 637 1689 989 1776; x_wconf 75' lang='lat' dir='ltr'><strong>Conposita</strong></span> <span class='ocrx_word' id='word_1_80' title='bbox 1030 1695 1401 1777; x_wconf 64' lang='lat' dir='ltr'>repetanssur</span> <span class='ocrx_word' id='word_1_81' title='bbox 1441 1692 1630 1776; x_wconf 88' lang='lat' dir='ltr'>hora,</span> 
     </span>
    </p>
   </div>
   <div class='ocr_carea' id='block_1_9' title="bbox 442 1809 1644 1978">
    <p class='ocr_par' dir='ltr' id='par_1_11' title="bbox 442 1809 1644 1978">
     <span class='ocr_line' id='line_1_19' title="bbox 442 1809 1644 1894; baseline 0.001 -20"><span class='ocrx_word' id='word_1_82' title='bbox 442 1809 635 1875; x_wconf 90' lang='lat' dir='ltr'>Nunc</span> <span class='ocrx_word' id='word_1_83' title='bbox 676 1812 742 1874; x_wconf 76' lang='lat' dir='ltr'>et</span> <span class='ocrx_word' id='word_1_84' title='bbox 783 1810 1043 1875; x_wconf 74' lang='lat' dir='ltr'>latenffis</span> <span class='ocrx_word' id='word_1_85' title='bbox 1085 1810 1376 1894; x_wconf 75' lang='lat' dir='ltr'><strong>proditor</strong></span> <span class='ocrx_word' id='word_1_86' title='bbox 1418 1810 1644 1875; x_wconf 78' lang='lat' dir='ltr'>intimo</span> 
     </span>
     <span class='ocr_line' id='line_1_20' title="bbox 445 1892 1623 1978; baseline 0 -21"><span class='ocrx_word' id='word_1_87' title='bbox 445 1892 681 1958; x_wconf 72' lang='lat' dir='ltr'>Gratus</span> <span class='ocrx_word' id='word_1_88' title='bbox 725 1895 977 1978; x_wconf 89' lang='lat' dir='ltr'>puellae</span> <span class='ocrx_word' id='word_1_89' title='bbox 1018 1894 1184 1957; x_wconf 86' lang='lat' dir='ltr'>risus</span> <span class='ocrx_word' id='word_1_90' title='bbox 1229 1894 1311 1958; x_wconf 89' lang='lat' dir='ltr'>ab</span> <span class='ocrx_word' id='word_1_91' title='bbox 1356 1895 1593 1978; x_wconf 81' lang='lat' dir='ltr'>angulo</span> <span class='ocrx_word' id='word_1_92' title='bbox 1603 1943 1623 1978; x_wconf 87' lang='lat'><em>,</em></span> 
     </span>
    </p>
   </div>
   <div class='ocr_carea' id='block_1_10' title="bbox 533 1977 1601 2145">
    <p class='ocr_par' dir='ltr' id='par_1_12' title="bbox 533 1977 1601 2145">
     <span class='ocr_line' id='line_1_21' title="bbox 533 1977 1575 2062; baseline -0.001 -21"><span class='ocrx_word' id='word_1_93' title='bbox 533 1977 904 2062; x_wconf 84' lang='lat' dir='ltr'>Pignusque</span> <span class='ocrx_word' id='word_1_94' title='bbox 949 1977 1280 2061; x_wconf 71' lang='lat' dir='ltr'>derepbum</span> <span class='ocrx_word' id='word_1_95' title='bbox 1320 1977 1575 2041; x_wconf 73' lang='lat' dir='ltr'>lacertis</span> 
     </span>
     <span class='ocr_line' id='line_1_22' title="bbox 635 2059 1601 2145; baseline 0.002 -21"><span class='ocrx_word' id='word_1_96' title='bbox 635 2060 770 2124; x_wconf 78' lang='lat' dir='ltr'>Aut</span> <span class='ocrx_word' id='word_1_97' title='bbox 813 2059 1015 2145; x_wconf 76' lang='lat' dir='ltr'>digito</span> <span class='ocrx_word' id='word_1_98' title='bbox 1059 2061 1226 2125; x_wconf 90' lang='lat' dir='ltr'>male</span> <span class='ocrx_word' id='word_1_99' title='bbox 1268 2060 1601 2145; x_wconf 73' lang='lat' dir='ltr'>pertinaci.</span> 
     </span>
    </p>
   </div>
   <div class='ocr_carea' id='block_1_11' title="bbox 1040 2206 1344 2218">
    <p class='ocr_par' dir='ltr' id='par_1_13' title="bbox 1040 2206 1344 2218">
     <span class='ocr_line' id='line_1_23' title="bbox 1040 2206 1344 2218; baseline 0 0"><span class='ocrx_word' id='word_1_100' title='bbox 1040 2206 1344 2218; x_wconf 95' lang='lat' dir='ltr'> </span> 
     </span>
    </p>
   </div>
   <div class='ocr_carea' id='block_1_12' title="bbox 1143 2318 1236 2393">
    <p class='ocr_par' dir='ltr' id='par_1_14' title="bbox 1143 2318 1236 2393">
     <span class='ocr_line' id='line_1_24' title="bbox 1143 2318 1236 2393; baseline 0.022 -2"><span class='ocrx_word' id='word_1_101' title='bbox 1143 2318 1236 2393; x_wconf 90' lang='lat' dir='ltr'>X.</span> 
     </span>
    </p>
   </div>
   <div class='ocr_carea' id='block_1_13' title="bbox 438 2449 1773 2685">
    <p class='ocr_par' dir='ltr' id='par_1_15' title="bbox 438 2449 1773 2685">
     <span class='ocr_line' id='line_1_25' title="bbox 438 2449 1665 2536; baseline 0.001 -21"><span class='ocrx_word' id='word_1_102' title='bbox 438 2450 744 2535; x_wconf 88' lang='lat' dir='ltr'>Mercuri,</span> <span class='ocrx_word' id='word_1_103' title='bbox 788 2449 1062 2514; x_wconf 79' lang='lat' dir='ltr'>facunde</span> <span class='ocrx_word' id='word_1_104' title='bbox 1104 2471 1308 2534; x_wconf 90' lang='lat' dir='ltr'>nepos</span> <span class='ocrx_word' id='word_1_105' title='bbox 1351 2451 1665 2536; x_wconf 73' lang='lat' dir='ltr'>Atlantis,</span> 
     </span>
     <span class='ocr_line' id='line_1_26' title="bbox 440 2533 1773 2609; baseline 0.003 -11"><span class='ocrx_word' id='word_1_106' title='bbox 440 2534 566 2609; x_wconf 75' lang='lat' dir='ltr'>Qui</span> <span class='ocrx_word' id='word_1_107' title='bbox 605 2535 777 2599; x_wconf 88' lang='lat' dir='ltr'>feros</span> <span class='ocrx_word' id='word_1_108' title='bbox 822 2534 1028 2599; x_wconf 71' lang='lat' dir='ltr'>cultus</span> <span class='ocrx_word' id='word_1_109' title='bbox 1071 2533 1407 2599; x_wconf 88' lang='lat' dir='ltr'>hominum</span> <span class='ocrx_word' id='word_1_110' title='bbox 1448 2540 1773 2601; x_wconf 81' lang='lat' dir='ltr'>recentum</span> 
     </span>
     <span class='ocr_line' id='line_1_27' title="bbox 438 2617 1590 2685; baseline 0.003 -3"><span class='ocrx_word' id='word_1_111' title='bbox 438 2617 615 2683; x_wconf 87' lang='lat' dir='ltr'>Voce</span> <span class='ocrx_word' id='word_1_112' title='bbox 657 2619 952 2683; x_wconf 77' lang='lat' dir='ltr'>formasti</span> <span class='ocrx_word' id='word_1_113' title='bbox 995 2620 1173 2684; x_wconf 77' lang='lat' dir='ltr'>catus</span> <span class='ocrx_word' id='word_1_114' title='bbox 1217 2622 1283 2684; x_wconf 76' lang='lat' dir='ltr'>et</span> <span class='ocrx_word' id='word_1_115' title='bbox 1325 2620 1590 2685; x_wconf 87' lang='lat' dir='ltr'>decorae</span> 
     </span>
    </p>
   </div>
   <div class='ocr_carea' id='block_1_14' title="bbox 532 2701 1142 2788">
    <p class='ocr_par' dir='ltr' id='par_1_16' title="bbox 532 2701 1142 2788">
     <span class='ocr_line' id='line_1_28' title="bbox 532 2701 1142 2788; baseline 0.003 -21"><span class='ocrx_word' id='word_1_116' title='bbox 532 2701 713 2767; x_wconf 88' lang='lat' dir='ltr'>More</span> <span class='ocrx_word' id='word_1_117' title='bbox 754 2703 1142 2788; x_wconf 67' lang='lat' dir='ltr'>palaestrae,</span> 
     </span>
    </p>
   </div>
   <div class='ocr_carea' id='block_1_15' title="bbox 435 2819 1771 3276">
    <p class='ocr_par' dir='ltr' id='par_1_17' title="bbox 437 2819 1729 2907">
     <span class='ocr_line' id='line_1_29' title="bbox 437 2819 1729 2907; baseline 0.001 -23"><span class='ocrx_word' id='word_1_118' title='bbox 437 2819 529 2885; x_wconf 84' lang='lat' dir='ltr'>&#39;Pe</span> <span class='ocrx_word' id='word_1_119' title='bbox 573 2842 830 2906; x_wconf 83' lang='lat' dir='ltr'>canam,</span> <span class='ocrx_word' id='word_1_120' title='bbox 873 2822 1096 2907; x_wconf 86' lang='lat' dir='ltr'>magni</span> <span class='ocrx_word' id='word_1_121' title='bbox 1139 2820 1312 2887; x_wconf 83' lang='lat' dir='ltr'>Iovis</span> <span class='ocrx_word' id='word_1_122' title='bbox 1357 2825 1423 2887; x_wconf 71' lang='lat' dir='ltr'>et</span> <span class='ocrx_word' id='word_1_123' title='bbox 1465 2822 1729 2886; x_wconf 89' lang='lat' dir='ltr'>deorum</span> 
     </span>
    </p>

    <p class='ocr_par' dir='ltr' id='par_1_18' title="bbox 436 2904 1771 2990">
     <span class='ocr_line' id='line_1_30' title="bbox 436 2904 1771 2990; baseline -0.001 -19"><span class='ocrx_word' id='word_1_124' title='bbox 436 2904 754 2971; x_wconf 61' lang='lat' dir='ltr'>Nuntium</span> <span class='ocrx_word' id='word_1_125' title='bbox 798 2927 1149 2989; x_wconf 84' lang='lat' dir='ltr'>curvaeque</span> <span class='ocrx_word' id='word_1_126' title='bbox 1191 2907 1369 2989; x_wconf 83' lang='lat' dir='ltr'>lyrae</span> <span class='ocrx_word' id='word_1_127' title='bbox 1411 2909 1771 2990; x_wconf 72' lang='lat' dir='ltr'>parentem,</span> 
     </span>
    </p>

    <p class='ocr_par' dir='ltr' id='par_1_19' title="bbox 438 2988 1714 3140">
     <span class='ocr_line' id='line_1_31' title="bbox 438 2988 1714 3075; baseline -0.002 -20"><span class='ocrx_word' id='word_1_128' title='bbox 438 2988 759 3055; x_wconf 86' lang='lat' dir='ltr'>Callidum</span> <span class='ocrx_word' id='word_1_129' title='bbox 769 3039 788 3074; x_wconf 90' lang='lat'><em>,</em></span> <span class='ocrx_word' id='word_1_130' title='bbox 834 2989 1139 3075; x_wconf 85' lang='lat' dir='ltr'>quidquid</span> <span class='ocrx_word' id='word_1_131' title='bbox 1182 2990 1453 3074; x_wconf 77' lang='lat' dir='ltr'>placuit,</span> <span class='ocrx_word' id='word_1_132' title='bbox 1498 2990 1714 3055; x_wconf 88' lang='lat' dir='ltr'>iocoso</span> 
     </span>
     <span class='ocr_line' id='line_1_32' title="bbox 531 3073 1056 3140; baseline -0.004 0"><span class='ocrx_word' id='word_1_133' title='bbox 531 3073 822 3140; x_wconf 86' lang='lat' dir='ltr'>Condere</span> <span class='ocrx_word' id='word_1_134' title='bbox 863 3074 1056 3139; x_wconf 69' lang='lat' dir='ltr'>furto,</span> 
     </span>
    </p>

    <p class='ocr_par' dir='ltr' id='par_1_20' title="bbox 435 3191 1586 3276">
     <span class='ocr_line' id='line_1_33' title="bbox 435 3191 1586 3276; baseline 0 -20"><span class='ocrx_word' id='word_1_135' title='bbox 435 3192 556 3276; x_wconf 86' lang='lat' dir='ltr'>Te,</span> <span class='ocrx_word' id='word_1_136' title='bbox 598 3193 794 3258; x_wconf 85' lang='lat' dir='ltr'>boves</span> <span class='ocrx_word' id='word_1_137' title='bbox 838 3192 995 3256; x_wconf 90' lang='lat' dir='ltr'>olim</span> <span class='ocrx_word' id='word_1_138' title='bbox 1035 3192 1165 3256; x_wconf 90' lang='lat' dir='ltr'>nisi</span> <span class='ocrx_word' id='word_1_139' title='bbox 1205 3191 1586 3258; x_wconf 85' lang='lat' dir='ltr'>reddidisses</span> 
     </span>
    </p>
   </div>
   <div class='ocr_carea' id='block_1_16' title="bbox 434 3274 1733 3360">
    <p class='ocr_par' dir='ltr' id='par_1_21' title="bbox 434 3274 1733 3360">
     <span class='ocr_line' id='line_1_34' title="bbox 434 3274 1733 3360; baseline 0 -20"><span class='ocrx_word' id='word_1_140' title='bbox 434 3274 559 3340; x_wconf 90' lang='lat' dir='ltr'>Per</span> <span class='ocrx_word' id='word_1_141' title='bbox 602 3275 821 3341; x_wconf 91' lang='lat' dir='ltr'>dolum</span> <span class='ocrx_word' id='word_1_142' title='bbox 865 3278 1142 3360; x_wconf 72' lang='lat' dir='ltr'>amotas,</span> <span class='ocrx_word' id='word_1_143' title='bbox 1232 3297 1456 3341; x_wconf 88' lang='lat' dir='ltr'>uerum</span> <span class='ocrx_word' id='word_1_144' title='bbox 1497 3277 1733 3341; x_wconf 88' lang='lat' dir='ltr'>minaci</span> 
     </span>
    </p>
   </div>
   <div class='ocr_carea' id='block_1_17' title="bbox 434 3358 1688 3530">
    <p class='ocr_par' dir='ltr' id='par_1_22' title="bbox 434 3358 1688 3530">
     <span class='ocr_line' id='line_1_35' title="bbox 434 3358 1688 3447; baseline 0 -23"><span class='ocrx_word' id='word_1_145' title='bbox 434 3358 612 3426; x_wconf 91' lang='lat' dir='ltr'>Voce</span> <span class='ocrx_word' id='word_1_146' title='bbox 656 3360 808 3425; x_wconf 89' lang='lat' dir='ltr'>dum</span> <span class='ocrx_word' id='word_1_147' title='bbox 849 3363 1076 3447; x_wconf 49' lang='lat' dir='ltr'>terrei,</span> <span class='ocrx_word' id='word_1_148' title='bbox 1120 3362 1186 3426; x_wconf 85' lang='lat' dir='ltr'>vi</span> <span class='ocrx_word' id='word_1_149' title='bbox 1228 3383 1348 3426; x_wconf 86' lang='lat' dir='ltr'>uus</span> <span class='ocrx_word' id='word_1_150' title='bbox 1389 3361 1688 3446; x_wconf 72' lang='lat' dir='ltr'>pharetra</span> 
     </span>
     <span class='ocr_line' id='line_1_36' title="bbox 524 3442 995 3530; baseline 0.011 -23"><span class='ocrx_word' id='word_1_151' title='bbox 524 3442 697 3509; x_wconf 74' lang='lat' dir='ltr'>Risit</span> <span class='ocrx_word' id='word_1_152' title='bbox 737 3446 995 3530; x_wconf 75' lang='lat' dir='ltr'>Apollo·</span> 
     </span>
    </p>
   </div>
   <div class='ocr_carea' id='block_1_18' title="bbox 2099 798 2163 847">
    <p class='ocr_par' dir='ltr' id='par_1_23' title="bbox 2099 798 2163 847">
     <span class='ocr_line' id='line_1_37' title="bbox 2099 798 2163 847; baseline 0.016 -1"><span class='ocrx_word' id='word_1_153' title='bbox 2099 798 2163 847; x_wconf 89' lang='lat'>10</span> 
     </span>
    </p>
   </div>
   <div class='ocr_carea' id='block_1_19' title="bbox 2097 1252 2161 1301">
    <p class='ocr_par' dir='ltr' id='par_1_24' title="bbox 2097 1252 2161 1301">
     <span class='ocr_line' id='line_1_38' title="bbox 2097 1252 2161 1301; baseline 0.016 -1"><span class='ocrx_word' id='word_1_154' title='bbox 2097 1252 2161 1301; x_wconf 85' lang='lat'>15</span> 
     </span>
    </p>
   </div>
   <div class='ocr_carea' id='block_1_20' title="bbox 2092 1707 2161 1758">
    <p class='ocr_par' dir='ltr' id='par_1_25' title="bbox 2092 1707 2161 1758">
     <span class='ocr_line' id='line_1_39' title="bbox 2092 1707 2161 1758; baseline 0.014 -1"><span class='ocrx_word' id='word_1_155' title='bbox 2092 1707 2161 1758; x_wconf 83' lang='lat'>20</span> 
     </span>
    </p>
   </div>
   <div class='ocr_carea' id='block_1_21' title="bbox 2057 3287 2154 3340">
    <p class='ocr_par' dir='ltr' id='par_1_26' title="bbox 2057 3287 2154 3340">
     <span class='ocr_line' id='line_1_40' title="bbox 2057 3287 2154 3340; baseline 0.01 -1"><span class='ocrx_word' id='word_1_156' title='bbox 2057 3287 2154 3340; x_wconf 71' lang='lat'>&#39;10</span> 
     </span>
    </p>
   </div>
  </div>
 </body>
</html>
