2514 3950
368 124 489 190 122
1183 113 1482 188 Eronos
2097 131 2305 204 [xvn.

365 305 427 356 15
486 293 710 358 Setosa
751 293 924 358 duris
968 314 1196 358 exuere
1286 293 1512 358 ellibus

485 377 820 442 Laboriosi
861 378 1136 463 remiges
1275 377 1288 391 '
1336 378 1395 442 ei

484 461 760 527 Volente
805 459 991 527 Circa
1033 461 1345 545 membra,
1389 465 1545 526 tunc
1586 483 1767 526 mens
1812 464 1876 526 et
1919 481 2116 527 sonus

487 545 802 630 Relapsus
847 549 1037 630 atque
1078 547 1274 610 notus
1315 546 1387 610 in
1427 546 1638 610 voltus
1680 545 1907 611 honor.

486 629 653 694 Dedi
697 630 853 695 satis
897 651 1209 715 superque
1250 651 1603 713 poenarum
1644 630 1794 714 tibi,

360 727 427 776 20
490 716 739 785 Amata,
769 714 982 778 nautis
1025 715 1299 778 multum
1343 717 1407 778 et
1448 714 1871 782 institoribus-

633 799 682 862 't
721 798 1011 864 iuventas
1056 800 1122 862 et
1161 798 1551 864 verecundus
1596 798 1770 863 color

483 882 579 946 Re
610 882 769 965 ‘quit
809 903 920 946 ora
961 882 1129 967 pelle
1172 882 1408 946 amicta
1450 882 1689 966 lurida,

484 966 638 1030 Tuis
684 967 953 1050 capillus
999 967 1183 1031 albus
1229 969 1328 1030 est
1369 965 1699 1049 odoribus,

481 1049 750 1115 Nullum
795 1051 875 1114 ab
919 1051 1138 1115 labore
1179 1072 1284 1116 me
1325 1051 1595 1116 reclinat
1638 1053 1868 1136 otium3

355 1146 423 1197 25
485 1133 737 1220 Vrguet
777 1135 946 1200 diem
986 1156 1116 1199 nox
1160 1138 1226 1200 et
1268 1135 1402 1200 dies
1445 1138 1730 1218 noctem,
1773 1138 2044 1219 nequest

481 1218 720 1284 Levare
759 1222 940 1284 tenta
982 1219 1208 1303 spiritu
1247 1219 1639 1304 praecordia.

479 1301 656 1389 Ergo
698 1307 1005 1389 negatum
1047 1304 1271 1368 vincor
1311 1306 1385 1367 ut
1427 1303 1681 1369 credam
1724 1305 1916 1369 miser
1930 1353 1950 1388 ‚

482 1386 738 1452 Sabella
776 1391 999 1472 pectus
1040 1387 1370 1473 increpare
1413 1388 1698 1455 carmina

483 1471 816 1568 Caputque
858 1471 1074 1536 Marsa
1116 1472 1388 1537 dissilire
1429 1472 1643 1537 nenia.

354 1566 423 1617 30
486 1555 652 1630 de
695 1556 968 1639 amplius
1011 1555 1154 1619 vis?
1210 1556 1265 1620 Ο
1309 1577 1483 1620 mare
1527 1559 1593 1620 et
1631 1561 1829 1641 terra,
1875 1558 2101 1642 ardeo,

481 1639 808 1714 Quantum
849 1660 1054 1722 neque
1097 1642 1237 1703 atro
1284 1637 1600 1705 delibutus
1644 1640 1951 1706 Hercules

478 1722 673 1788 Nessi
716 1743 967 1806 cruore,
1010 1744 1131 1788 nec
1176 1722 1408 1788 Sicana
1448 1725 1695 1789 fervida

479 1805 713 1871 Virens
757 1807 829 1871 in
868 1808 1084 1872 Aetna
1123 1807 1408 1893 flamma3
1452 1811 1553 1893 tu,
1600 1809 1803 1874 donec
1846 1809 2006 1874 cinis

477 1888 813 1956 Iniuriosis
857 1891 1070 1956 aridus
1114 1893 1322 1958 ventis
1364 1893 1560 1975 ferar,

352 1987 418 2037 35
485 1973 672 2041 Cales
716 1978 977 2043 venenis
1022 1978 1281 2043 officina
1323 1977 1663 2044 Colchicis,

478 2060 654 2136 Quae
697 2061 843 2126 finis
888 2063 1000 2125 aut
1042 2062 1214 2145 quod
1254 2083 1358 2126 me
1399 2065 1618 2128 manet
1659 2062 2090 2146 stipendium?

474 2144 718 2228 Effare3
763 2145 969 2208 iussas
1015 2165 1159 2210 cum
1200 2145 1327 2210 fide
1368 2168 1607 2230 poenas
1651 2146 1853 2231 luam,

475 2228 744 2292 Paratus
789 2229 1071 2312 expiare,
1117 2250 1229 2293 seu
1271 2232 1637 2313 poposceris

479 2311 753 2376 Centum
795 2312 1098 2377 iuvencos
1109 2361 1133 2397 ,
1174 2312 1308 2378 sive
1350 2315 1643 2380 mendaci
1686 2315 1825 2399 lyra

349 2407 419 2457 40
478 2394 675 2459 Voles
721 2397 963 2461 sonari:
1008 2399 1080 2461 tu
1133 2397 1394 2482 pudica,
1437 2402 1510 2464 tu
1551 2400 1757 2483 proba

475 2478 954 2545 Perambulabis
1000 2485 1173 2547 astra
1216 2482 1390 2548 sidus
1435 2506 1713 2550 aureum.

473 2561 741 2626 Infamis
783 2563 1068 2630 Helenae
1112 2565 1343 2632 Castor
1383 2568 1664 2634 offensus
1705 2569 1910 2633 vicem

471 2646 818 2730 Fraterque
860 2650 1082 2734 magni
1126 2650 1412 2716 Castoris
1427 2701 1446 2735 ‚
1489 2653 1643 2717 victi
1683 2675 1906 2739 prece,

471 2730 793 2815 Adempta
834 2734 967 2798 vati
1008 2734 1339 2801 reddidere
1379 2737 1652 2801 lumina:

345 2825 411 2875 45
474 2814 563 2879 Et
602 2818 674 2880 tu
703 2854 788 2864 —
813 2820 1001 2901 potes
1044 2840 1194 2883 nam
1225 2858 1313 2871 ·-
1342 2820 1516 2886 solve
1556 2842 1661 2885 me
1703 2821 2057 2907 dementia,

473 2897 527 2963 O
570 2920 692 2964 nec
732 2903 1016 2984 paternis
1060 2904 1351 2970 obsoleta
1393 2904 1717 2988 sordibus,

465 2982 531 3048 N
534 3003 606 3047 ec
647 2983 718 3046 in
760 2986 1066 3070 sepulcris
1109 3010 1462 3073 pauperum
1501 2988 1780 3073 prudens
1823 3010 1981 3053 anus

463 3066 530 3131 N
533 3066 899 3133 ovendiales
943 3070 1251 3156 dissipare
1294 3073 1610 3156 pulveres.

462 3147 612 3214 Tibi
652 3149 972 3237 hospitale
1014 3158 1238 3239 pectus
1285 3159 1349 3220 et
1388 3178 1584 3240 purae
1626 3178 1854 3222 manus

339 3246 407 3297 50
469 3232 767 3318 Tuusque
809 3241 1032 3303 venter
1074 3239 1509 3325 Pactumeius,
1562 3243 1627 3305 et
1666 3244 1778 3305 tuo

465 3316 705 3383 Cruore
748 3321 975 3387 rubros
1022 3322 1335 3387 obstetrix
1375 3345 1625 3407 pannos
1669 3325 1861 3410 lavit,

462 3400 823 3487 Vtcumque
864 3406 1052 3470 fortis
1096 3406 1312 3471 exsilis
1356 3414 1709 3492 puerpera!
