2514 3950
238 183 356 258 xi]
993 182 1210 237 LIBER
1250 182 1375 239 1111.
2092 179 2172 242 97

507 366 594 410 on
636 345 807 409 enim
849 343 1116 429 posthac
1161 344 1286 408 alia
1319 344 1546 413 ,calebo

468 430 704 515 emina)
751 429 1048 494 condisce
1090 428 1316 493 modos
1328 478 1347 512 ,
1392 428 1662 493 amanda

409 513 586 579 Voce
630 534 788 598 quos
832 513 1057 578 reddas
1075 536 1090 578 ε
1108 586 1115 597 s
1135 513 1502 578 minuentur
1545 516 1718 578 atrae
2108 526 2173 575 35

497 597 794 664 Carmine
841 619 1046 664 curae.

1058 736 1362 747 ———

1122 823 1283 896 XH.

413 935 551 1000 Iam
594 936 760 1000 veris
805 935 1101 1017 comites,
1147 957 1305 1018 quae
1350 956 1522 998 mare
1563 938 1953 1020 temperant,

412 1019 746 1101 Inpelluni:
787 1018 1034 1080 animae
1076 1019 1275 1081 lintea
1317 1018 1651 1102 Thraciae3

414 1101 553 1164 Iam
595 1121 716 1164 nec
758 1103 940 1183 prata
980 1100 1224 1184 rigent,
1269 1121 1388 1164 nec
1430 1101 1606 1165 fluvii
1650 1105 1941 1186 strepunt

500 1184 790 1248 Hiberna
829 1183 976 1247 nive
1020 1182 1278 1268 turgidi.

418 1303 660 1368 Nidum
701 1301 917 1385 ponii,
961 1300 1112 1385 styn
1153 1301 1452 1366 flebiliter
1492 1322 1755 1387 gemens
1770 1350 1787 1384 ‚
2146 1315 2186 1363 5

418 1386 653 1451 Infelix
696 1386 830 1450 avis
876 1389 940 1450 et
984 1386 1331 1470 Cecropiae
1376 1385 1598 1450 domus
1830 1446 1834 1450 .

415 1472 769 1535 Aeternum
814 1471 1260 1618 opprobrium,
1292 1470 1475 1555 -quod
1516 1471 1680 1534 male
1724 1469 2024 1534 barbaras

498 1556 814 1640 Regumst
922 1558 991 1619 ta
1030 1555 1345 1619 libidines.

413 1673 657 1739 Dicunt
698 1673 769 1736 in
811 1675 1031 1737 tenero
1075 1674 1367 1758 gramine
1409 1673 1746 1758 pinguium

416 1757 728 1824 Custodes
774 1757 988 1822 ovium
1033 1759 1313 1822 carmina
1355 1758 1568 1823 fistula
2117 1771 2182 1817 ιο

413 1841 879 1922 Delectantque
923 1841 1142 1924 deum,
1187 1842 1289 1905 cui
1332 1862 1523 1924 pecus
1569 1845 1635 1905 ei:
1672 1842 1896 1926 nigrae

501 1924 716 1991 Colles
760 1923 1070 1988 Arcadiae
1112 1925 1387 2007 placent.

419 2042 758 2106 Adduxere
803 2040 978 2104 sitim
1018 2042 1339 2125 tempora,
1382 2040 1661 2126 Vergili3

419 2125 545 2192 Sed
588 2145 876 2208 pressum
921 2122 1178 2189 Calibus
1222 2124 1449 2190 ducere
1492 2124 1790 2189 Liberum

344 2239 347 2240 ⁷
420 2210 488 2276 Si
579 2208 763 2292 estis,
808 2208 1106 2273 iuvenum
1148 2209 1462 2274 nobilium
1507 2210 1734 2293 cliens,
2119 2224 2181 2272 15

568 2293 720 2357 ardo
764 2293 913 2357 vina
954 2294 1314 2358 mereberis

417 2411 483 2478 N
483 2411 620 2476 ardi
662 2433 894 2496 parvus
940 2433 1111 2493 onyx
1155 2412 1367 2476 eliciet
1409 2413 1666 2496 cadum,

419 2495 544 2571 Qui
584 2516 756 2559 nunc
801 2495 1098 2578 Sulpiciis
1144 2495 1415 2560 adcubat
1454 2496 1701 2561 horreis
1715 2546 1732 2579 ‚

420 2580 579 2668 Spes
623 2578 859 2643 donare
901 2600 1101 2644 novas
1145 2580 1361 2664 largus
1407 2602 1741 2665 amaraque

504 2663 814 2729 Curatum
859 2664 1066 2728 eluere
1110 2664 1350 2730 efficax,
2111 2679 2180 2729 20

417 2782 522 2847 Ad
567 2802 726 2866 quae
772 2782 827 2845 si
868 2804 1172 2867 properas
1215 2784 1479 2867 gaudia,
1526 2804 1670 2848 cum
1712 2785 1822 2847 tua

417 2867 625 2933 Velox
667 2887 877 2931 merce
919 2869 1096 2932 veni:
1151 2888 1288 2931 non
1332 2888 1451 2952 ego
1497 2870 1560 2938 te
1603 2866 1762 2930 meis

417 2951 756 3016 Inmunem
797 2951 1071 3015 mediizor
1112 2951 1363 3035 tingere
1405 2950 1686 3034 pocuIiS‚

499 3036 701 3100 Plena
746 3035 919 3099 dives
963 3038 1037 3099 ut
1077 3036 1147 3098 in
1190 3035 1399 3099 domo,

417 3153 659 3218 Verum
702 3173 872 3237 pone
915 3173 1126 3217 moras
1172 3157 1237 3217 et
1279 3152 1558 3218 studium
1601 3153 1759 3217 lucri
2112 3167 2180 3217 25

421 3236 894 3321 Nigrorumque
936 3258 1209 3320 memor,
1256 3237 1408 3302 dum
1450 3237 1630 3320 licet,
1676 3238 1922 3323 ignium

421 3319 618 3386 Misce
665 3322 1004 3387 stultitiam
1049 3322 1332 3387 consiliis
1376 3322 1662 3388 brevem:

503 3403 768 3470 Dulcest
811 3406 1097 3492 desipere
1141 3407 1211 3471 in
1253 3407 1416 3471 loco,

352 3557 605 3600 Eoum-m.
1359 3607 1364 3611 ,
1842 3565 1872 3614 7
