<?xml version="1.0" encoding="UTF-8"?>
<!DOCTYPE html PUBLIC "-//W3C//DTD XHTML 1.0 Transitional//EN"
    "http://www.w3.org/TR/xhtml1/DTD/xhtml1-transitional.dtd">
<html xmlns="http://www.w3.org/1999/xhtml" xml:lang="en" lang="en">
 <head>
  <title>
</title>
<meta http-equiv="Content-Type" content="text/html;charset=utf-8" />
  <meta name='ocr-system' content='tesseract 3.04.00' />
  <meta name='ocr-capabilities' content='ocr_page ocr_carea ocr_par ocr_line ocrx_word'/>
</head>
<body>
  <div class='ocr_page' id='page_1' title='image "./carmina00horagoog_0178.png"; bbox 0 0 2514 3950; ppageno 0'>
   <div class='ocr_carea' id='block_1_1' title="bbox 368 180 454 245">
    <p class='ocr_par' dir='ltr' id='par_1_1' title="bbox 368 180 454 245">
     <span class='ocr_line' id='line_1_1' title="bbox 368 180 454 245; baseline 0 0"><span class='ocrx_word' id='word_1_1' title='bbox 368 180 454 245; x_wconf 85' lang='lat'><strong>84</strong></span> 
     </span>
    </p>
   </div>
   <div class='ocr_carea' id='block_1_2' title="bbox 369 358 437 409">
    <p class='ocr_par' dir='ltr' id='par_1_2' title="bbox 369 358 437 409">
     <span class='ocr_line' id='line_1_2' title="bbox 369 358 437 409; baseline 0 0"><span class='ocrx_word' id='word_1_2' title='bbox 369 358 437 409; x_wconf 80' lang='lat'><strong>25</strong></span> 
     </span>
    </p>
   </div>
   <div class='ocr_carea' id='block_1_3' title="bbox 369 1266 436 1316">
    <p class='ocr_par' dir='ltr' id='par_1_3' title="bbox 369 1266 436 1316">
     <span class='ocr_line' id='line_1_3' title="bbox 369 1266 436 1316; baseline -0.015 0"><span class='ocrx_word' id='word_1_3' title='bbox 369 1266 436 1316; x_wconf 75' lang='lat'><strong>35</strong></span> 
     </span>
    </p>
   </div>
   <div class='ocr_carea' id='block_1_4' title="bbox 368 1718 438 1768">
    <p class='ocr_par' dir='ltr' id='par_1_4' title="bbox 368 1718 438 1768">
     <span class='ocr_line' id='line_1_4' title="bbox 368 1718 438 1768; baseline 0.014 -1"><span class='ocrx_word' id='word_1_4' title='bbox 368 1718 438 1768; x_wconf 78' lang='lat'><strong>40</strong></span> 
     </span>
    </p>
   </div>
   <div class='ocr_carea' id='block_1_5' title="bbox 371 2928 436 2977">
    <p class='ocr_par' dir='ltr' id='par_1_5' title="bbox 371 2928 436 2977">
     <span class='ocr_line' id='line_1_5' title="bbox 371 2928 436 2977; baseline 0.015 -1"><span class='ocrx_word' id='word_1_5' title='bbox 371 2928 436 2977; x_wconf 85' lang='lat'><strong>10</strong></span> 
     </span>
    </p>
   </div>
   <div class='ocr_carea' id='block_1_6' title="bbox 373 3379 433 3428">
    <p class='ocr_par' dir='ltr' id='par_1_6' title="bbox 373 3379 433 3428">
     <span class='ocr_line' id='line_1_6' title="bbox 373 3379 433 3428; baseline 0 0"><span class='ocrx_word' id='word_1_6' title='bbox 373 3379 433 3428; x_wconf 84' lang='lat'><strong>15</strong></span> 
     </span>
    </p>
   </div>
   <div class='ocr_carea' id='block_1_7' title="bbox 1126 181 1523 239">
    <p class='ocr_par' dir='ltr' id='par_1_7' title="bbox 1126 181 1523 239">
     <span class='ocr_line' id='line_1_7' title="bbox 1126 181 1523 239; baseline 0.003 -1"><span class='ocrx_word' id='word_1_7' title='bbox 1126 181 1523 239; x_wconf 77' lang='lat' dir='ltr'><strong>CARMINVM</strong></span> 
     </span>
    </p>
   </div>
   <div class='ocr_carea' id='block_1_8' title="bbox 537 345 2067 681">
    <p class='ocr_par' dir='ltr' id='par_1_8' title="bbox 537 345 2067 681">
     <span class='ocr_line' id='line_1_8' title="bbox 541 345 1194 431; baseline -0.005 -19"><span class='ocrx_word' id='word_1_8' title='bbox 541 347 684 412; x_wconf 92' lang='lat' dir='ltr'><strong>Illic</strong></span> <span class='ocrx_word' id='word_1_9' title='bbox 725 346 825 411; x_wconf 90' lang='lat' dir='ltr'><strong>bis</strong></span> <span class='ocrx_word' id='word_1_10' title='bbox 868 345 1050 431; x_wconf 89' lang='lat' dir='ltr'><strong>pueri</strong></span> <span class='ocrx_word' id='word_1_11' title='bbox 1094 345 1194 409; x_wconf 90' lang='lat' dir='ltr'><strong>die</strong></span> 
     </span>
     <span class='ocr_line' id='line_1_9' title="bbox 620 430 1969 515; baseline -0.001 -17"><span class='ocrx_word' id='word_1_12' title='bbox 620 431 880 498; x_wconf 90' lang='lat' dir='ltr'><strong>Numen</strong></span> <span class='ocrx_word' id='word_1_13' title='bbox 922 451 1066 494; x_wconf 89' lang='lat' dir='ltr'><strong>cum</strong></span> <span class='ocrx_word' id='word_1_14' title='bbox 1107 430 1346 494; x_wconf 85' lang='lat' dir='ltr'><strong>teneris</strong></span> <span class='ocrx_word' id='word_1_15' title='bbox 1389 430 1743 515; x_wconf 84' lang='lat' dir='ltr'><strong>virginibus</strong></span> <span class='ocrx_word' id='word_1_16' title='bbox 1787 434 1969 496; x_wconf 86' lang='lat' dir='ltr'><strong>tuum</strong></span> 
     </span>
     <span class='ocr_line' id='line_1_10' title="bbox 537 513 2035 598; baseline -0.006 -18"><span class='ocrx_word' id='word_1_17' title='bbox 537 515 897 580; x_wconf 86' lang='lat' dir='ltr'><strong>Laudantes</strong></span> <span class='ocrx_word' id='word_1_18' title='bbox 942 513 1104 598; x_wconf 89' lang='lat' dir='ltr'><strong>pede</strong></span> <span class='ocrx_word' id='word_1_19' title='bbox 1148 513 1417 578; x_wconf 83' lang='lat' dir='ltr'><strong>candido</strong></span> <span class='ocrx_word' id='word_1_20' title='bbox 2031 567 2035 571; x_wconf 86' lang='lat'>.</span> 
     </span>
     <span class='ocr_line' id='line_1_11' title="bbox 622 596 2067 681; baseline 0.001 -18"><span class='ocrx_word' id='word_1_21' title='bbox 622 597 702 663; x_wconf 91' lang='lat' dir='ltr'><strong>In</strong></span> <span class='ocrx_word' id='word_1_22' title='bbox 742 619 987 663; x_wconf 90' lang='lat' dir='ltr'><strong>morem</strong></span> <span class='ocrx_word' id='word_1_23' title='bbox 1031 596 1275 662; x_wconf 88' lang='lat' dir='ltr'><strong>Salium</strong></span> <span class='ocrx_word' id='word_1_24' title='bbox 1314 599 1414 662; x_wconf 85' lang='lat' dir='ltr'><strong>ter</strong></span> <span class='ocrx_word' id='word_1_25' title='bbox 1457 599 1746 681; x_wconf 88' lang='lat' dir='ltr'><strong>quatient</strong></span> <span class='ocrx_word' id='word_1_26' title='bbox 1786 598 2067 664; x_wconf 89' lang='lat' dir='ltr'><strong>humum.</strong></span> 
     </span>
    </p>
   </div>
   <div class='ocr_carea' id='block_1_9' title="bbox 537 714 1925 1051">
    <p class='ocr_par' dir='ltr' id='par_1_9' title="bbox 537 714 1449 798">
     <span class='ocr_line' id='line_1_12' title="bbox 537 714 1449 798; baseline -0.003 -17"><span class='ocrx_word' id='word_1_27' title='bbox 537 716 645 781; x_wconf 89' lang='lat' dir='ltr'><strong>Me</strong></span> <span class='ocrx_word' id='word_1_28' title='bbox 686 737 806 780; x_wconf 89' lang='lat' dir='ltr'><strong>nec</strong></span> <span class='ocrx_word' id='word_1_29' title='bbox 847 714 1088 781; x_wconf 88' lang='lat' dir='ltr'><strong>femina</strong></span> <span class='ocrx_word' id='word_1_30' title='bbox 1128 735 1247 779; x_wconf 92' lang='lat' dir='ltr'><strong>nec</strong></span> <span class='ocrx_word' id='word_1_31' title='bbox 1291 735 1449 798; x_wconf 88' lang='lat' dir='ltr'><strong>puer</strong></span> 
     </span>
    </p>

    <p class='ocr_par' dir='ltr' id='par_1_10' title="bbox 538 798 1925 950">
     <span class='ocr_line' id='line_1_13' title="bbox 621 798 1925 882; baseline 0 -18"><span class='ocrx_word' id='word_1_32' title='bbox 621 800 759 864; x_wconf 89' lang='lat' dir='ltr'><strong>Iam</strong></span> <span class='ocrx_word' id='word_1_33' title='bbox 799 820 920 863; x_wconf 92' lang='lat' dir='ltr'><strong>nec</strong></span> <span class='ocrx_word' id='word_1_34' title='bbox 964 819 1108 882; x_wconf 88' lang='lat' dir='ltr'><strong>spes</strong></span> <span class='ocrx_word' id='word_1_35' title='bbox 1152 798 1351 862; x_wconf 82' lang='lat' dir='ltr'><strong>animi</strong></span> <span class='ocrx_word' id='word_1_36' title='bbox 1395 799 1650 864; x_wconf 88' lang='lat' dir='ltr'><strong>credula</strong></span> <span class='ocrx_word' id='word_1_37' title='bbox 1691 800 1925 882; x_wconf 82' lang='lat' dir='ltr'><strong>mutui,</strong></span> 
     </span>
     <span class='ocr_line' id='line_1_14' title="bbox 538 883 1399 950; baseline -0.005 0"><span class='ocrx_word' id='word_1_38' title='bbox 538 884 604 950; x_wconf 91' lang='lat' dir='ltr'>N</span> <span class='ocrx_word' id='word_1_39' title='bbox 605 905 678 948; x_wconf 89' lang='lat' dir='ltr'><strong>ec</strong></span> <span class='ocrx_word' id='word_1_40' title='bbox 722 886 963 948; x_wconf 82' lang='lat' dir='ltr'><strong>certare</strong></span> <span class='ocrx_word' id='word_1_41' title='bbox 1006 883 1182 947; x_wconf 91' lang='lat' dir='ltr'><strong>iuvat</strong></span> <span class='ocrx_word' id='word_1_42' title='bbox 1223 903 1399 946; x_wconf 91' lang='lat' dir='ltr'><strong>mero</strong></span> 
     </span>
    </p>

    <p class='ocr_par' dir='ltr' id='par_1_11' title="bbox 620 966 1921 1051">
     <span class='ocr_line' id='line_1_15' title="bbox 620 966 1921 1051; baseline -0.002 -18"><span class='ocrx_word' id='word_1_43' title='bbox 620 967 687 1034; x_wconf 91' lang='lat' dir='ltr'>N</span> <span class='ocrx_word' id='word_1_44' title='bbox 689 988 761 1032; x_wconf 89' lang='lat' dir='ltr'><strong>ec</strong></span> <span class='ocrx_word' id='word_1_45' title='bbox 801 967 1041 1032; x_wconf 84' lang='lat' dir='ltr'><strong>vincire</strong></span> <span class='ocrx_word' id='word_1_46' title='bbox 1082 966 1269 1031; x_wconf 88' lang='lat' dir='ltr'><strong>novis</strong></span> <span class='ocrx_word' id='word_1_47' title='bbox 1304 969 1600 1051; x_wconf 56' lang='lat' dir='ltr'><strong>&lt;tempora</strong></span> <span class='ocrx_word' id='word_1_48' title='bbox 1640 967 1921 1033; x_wconf 79' lang='lat' dir='ltr'><strong>floribus,</strong></span> 
     </span>
    </p>
   </div>
   <div class='ocr_carea' id='block_1_10' title="bbox 540 1084 1991 1337">
    <p class='ocr_par' dir='ltr' id='par_1_12' title="bbox 540 1084 1991 1337">
     <span class='ocr_line' id='line_1_16' title="bbox 540 1084 1553 1169; baseline -0.003 -18"><span class='ocrx_word' id='word_1_49' title='bbox 540 1085 666 1151; x_wconf 85' lang='lat' dir='ltr'><strong>Sed</strong></span> <span class='ocrx_word' id='word_1_50' title='bbox 710 1106 821 1150; x_wconf 90' lang='lat' dir='ltr'><strong>cur</strong></span> <span class='ocrx_word' id='word_1_51' title='bbox 860 1084 1016 1168; x_wconf 88' lang='lat' dir='ltr'><strong>heu,</strong></span> <span class='ocrx_word' id='word_1_52' title='bbox 1060 1084 1395 1169; x_wconf 84' lang='lat' dir='ltr'><strong>Ligurine,</strong></span> <span class='ocrx_word' id='word_1_53' title='bbox 1443 1105 1553 1149; x_wconf 90' lang='lat' dir='ltr'><strong>cur</strong></span> 
     </span>
     <span class='ocr_line' id='line_1_17' title="bbox 622 1168 1991 1255; baseline -0.001 -22"><span class='ocrx_word' id='word_1_54' title='bbox 622 1169 847 1234; x_wconf 87' lang='lat' dir='ltr'><strong>Manat</strong></span> <span class='ocrx_word' id='word_1_55' title='bbox 886 1191 1029 1233; x_wconf 90' lang='lat' dir='ltr'><strong>rara</strong></span> <span class='ocrx_word' id='word_1_56' title='bbox 1069 1189 1242 1233; x_wconf 90' lang='lat' dir='ltr'><strong>meas</strong></span> <span class='ocrx_word' id='word_1_57' title='bbox 1287 1168 1549 1232; x_wconf 89' lang='lat' dir='ltr'><strong>lacrima</strong></span> <span class='ocrx_word' id='word_1_58' title='bbox 1590 1191 1705 1253; x_wconf 90' lang='lat' dir='ltr'><strong>per</strong></span> <span class='ocrx_word' id='word_1_59' title='bbox 1747 1168 1991 1255; x_wconf 75' lang='lat' dir='ltr'><strong>genas?</strong></span> 
     </span>
     <span class='ocr_line' id='line_1_18' title="bbox 542 1252 1924 1337; baseline -0.003 -18"><span class='ocrx_word' id='word_1_60' title='bbox 542 1253 672 1319; x_wconf 83' lang='lat' dir='ltr'><strong>Cur</strong></span> <span class='ocrx_word' id='word_1_61' title='bbox 712 1253 987 1318; x_wconf 85' lang='lat' dir='ltr'><strong>facunda</strong></span> <span class='ocrx_word' id='word_1_62' title='bbox 1027 1275 1253 1337; x_wconf 91' lang='lat' dir='ltr'><strong>parum</strong></span> <span class='ocrx_word' id='word_1_63' title='bbox 1296 1252 1525 1317; x_wconf 91' lang='lat' dir='ltr'><strong>decoro</strong></span> <span class='ocrx_word' id='word_1_64' title='bbox 1921 1282 1924 1285; x_wconf 38' lang='lat'>¹</span> 
     </span>
    </p>
   </div>
   <div class='ocr_carea' id='block_1_11' title="bbox 621 1330 1968 1421">
    <p class='ocr_par' dir='ltr' id='par_1_13' title="bbox 621 1330 1968 1421">
     <span class='ocr_line' id='line_1_19' title="bbox 621 1330 1968 1421; baseline -0.001 -19"><span class='ocrx_word' id='word_1_65' title='bbox 621 1337 800 1402; x_wconf 81' lang='lat' dir='ltr'><strong>Inter</strong></span> <span class='ocrx_word' id='word_1_66' title='bbox 841 1339 1035 1402; x_wconf 83' lang='lat' dir='ltr'><strong>verba</strong></span> <span class='ocrx_word' id='word_1_67' title='bbox 1077 1335 1248 1401; x_wconf 80' lang='lat' dir='ltr'><strong>cadit</strong></span> <span class='ocrx_word' id='word_1_68' title='bbox 1291 1336 1512 1421; x_wconf 90' lang='lat' dir='ltr'><strong>lingua</strong></span> <span class='ocrx_word' id='word_1_69' title='bbox 1556 1337 1808 1401; x_wconf 82' lang='lat' dir='ltr'><strong>silentio</strong></span> <span class='ocrx_word' id='word_1_70' title='bbox 1821 1336 1855 1400; x_wconf 82' lang='lat'>?</span> <span class='ocrx_word' id='word_1_71' title='bbox 1965 1330 1968 1335; x_wconf 47' lang='lat'><em>&#39;</em></span> 
     </span>
    </p>
   </div>
   <div class='ocr_carea' id='block_1_12' title="bbox 536 1454 2125 1790">
    <p class='ocr_par' dir='ltr' id='par_1_14' title="bbox 536 1454 2125 1790">
     <span class='ocr_line' id='line_1_20' title="bbox 536 1454 1363 1539; baseline -0.005 -18"><span class='ocrx_word' id='word_1_72' title='bbox 536 1454 886 1521; x_wconf 82' lang='lat' dir='ltr'><strong>Nocturnis</strong></span> <span class='ocrx_word' id='word_1_73' title='bbox 933 1475 1052 1539; x_wconf 91' lang='lat' dir='ltr'><strong>ego</strong></span> <span class='ocrx_word' id='word_1_74' title='bbox 1097 1454 1363 1518; x_wconf 88' lang='lat' dir='ltr'><strong>somniis</strong></span> 
     </span>
     <span class='ocr_line' id='line_1_21' title="bbox 621 1538 2125 1622; baseline -0.001 -20"><span class='ocrx_word' id='word_1_75' title='bbox 621 1538 759 1602; x_wconf 87' lang='lat' dir='ltr'><strong>Iam</strong></span> <span class='ocrx_word' id='word_1_76' title='bbox 798 1542 1056 1621; x_wconf 87' lang='lat' dir='ltr'><strong>captum</strong></span> <span class='ocrx_word' id='word_1_77' title='bbox 1097 1540 1285 1602; x_wconf 88' lang='lat' dir='ltr'><strong>teneo</strong></span> <span class='ocrx_word' id='word_1_78' title='bbox 1295 1586 1314 1621; x_wconf 89' lang='lat'><em>‚</em></span> <span class='ocrx_word' id='word_1_79' title='bbox 1360 1538 1488 1602; x_wconf 89' lang='lat' dir='ltr'><strong>iam</strong></span> <span class='ocrx_word' id='word_1_80' title='bbox 1533 1539 1854 1603; x_wconf 88' lang='lat' dir='ltr'><strong>volucrem</strong></span> <span class='ocrx_word' id='word_1_81' title='bbox 1897 1559 2125 1622; x_wconf 87' lang='lat' dir='ltr'><strong>sequor</strong></span> 
     </span>
     <span class='ocr_line' id='line_1_22' title="bbox 539 1620 1377 1719; baseline -0.001 -32"><span class='ocrx_word' id='word_1_82' title='bbox 539 1623 629 1687; x_wconf 84' lang='lat' dir='ltr'><strong>Te</strong></span> <span class='ocrx_word' id='word_1_83' title='bbox 717 1643 786 1686; x_wconf 88' lang='lat' dir='ltr'><strong>er</strong></span> <span class='ocrx_word' id='word_1_84' title='bbox 827 1622 1118 1719; x_wconf 87' lang='lat' dir='ltr'><strong>gramina</strong></span> <span class='ocrx_word' id='word_1_85' title='bbox 1158 1620 1377 1686; x_wconf 87' lang='lat' dir='ltr'><strong>Martii</strong></span> 
     </span>
     <span class='ocr_line' id='line_1_23' title="bbox 682 1705 2017 1790; baseline 0 -20"><span class='ocrx_word' id='word_1_86' title='bbox 682 1727 887 1790; x_wconf 77' lang='lat' dir='ltr'><strong>ampl,</strong></span> <span class='ocrx_word' id='word_1_87' title='bbox 930 1708 996 1771; x_wconf 87' lang='lat' dir='ltr'><strong>te</strong></span> <span class='ocrx_word' id='word_1_88' title='bbox 1037 1727 1151 1790; x_wconf 90' lang='lat' dir='ltr'><strong>per</strong></span> <span class='ocrx_word' id='word_1_89' title='bbox 1193 1727 1416 1790; x_wconf 87' lang='lat' dir='ltr'><strong>aquas,</strong></span> <span class='ocrx_word' id='word_1_90' title='bbox 1464 1705 1644 1789; x_wconf 85' lang='lat' dir='ltr'><strong>dure,</strong></span> <span class='ocrx_word' id='word_1_91' title='bbox 1689 1705 2017 1770; x_wconf 80' lang='lat' dir='ltr'><strong>volubiles,</strong></span> 
     </span>
    </p>
   </div>
   <div class='ocr_carea' id='block_1_13' title="bbox 1181 1853 1485 1862">
    <p class='ocr_par' dir='ltr' id='par_1_15' title="bbox 1181 1853 1485 1862">
     <span class='ocr_line' id='line_1_24' title="bbox 1181 1853 1485 1862; baseline 0 2088"><span class='ocrx_word' id='word_1_92' title='bbox 1181 1853 1485 1862; x_wconf 95' lang='lat' dir='ltr'><strong> </strong></span> 
     </span>
    </p>
   </div>
   <div class='ocr_carea' id='block_1_14' title="bbox 1283 1960 1381 2036">
    <p class='ocr_par' dir='ltr' id='par_1_16' title="bbox 1283 1960 1381 2036">
     <span class='ocr_line' id='line_1_25' title="bbox 1283 1960 1381 2036; baseline 0.031 -3"><span class='ocrx_word' id='word_1_93' title='bbox 1283 1960 1381 2036; x_wconf 91' lang='grc' dir='ltr'><strong>Π.</strong></span> 
     </span>
    </p>
   </div>
   <div class='ocr_carea' id='block_1_15' title="bbox 536 2093 1842 2261">
    <p class='ocr_par' dir='ltr' id='par_1_17' title="bbox 536 2093 1842 2261">
     <span class='ocr_line' id='line_1_26' title="bbox 537 2093 1842 2177; baseline -0.001 -18"><span class='ocrx_word' id='word_1_94' title='bbox 537 2094 885 2159; x_wconf 83' lang='lat' dir='ltr'><strong>Pindarum</strong></span> <span class='ocrx_word' id='word_1_95' title='bbox 929 2093 1211 2176; x_wconf 86' lang='lat' dir='ltr'><strong>quisquis</strong></span> <span class='ocrx_word' id='word_1_96' title='bbox 1257 2093 1471 2158; x_wconf 88' lang='lat' dir='ltr'><strong>studet</strong></span> <span class='ocrx_word' id='word_1_97' title='bbox 1510 2094 1842 2177; x_wconf 86' lang='lat' dir='ltr'><strong>aemulari,</strong></span> 
     </span>
     <span class='ocr_line' id='line_1_27' title="bbox 536 2176 1504 2261; baseline 0 -20"><span class='ocrx_word' id='word_1_98' title='bbox 536 2177 703 2260; x_wconf 90' lang='lat' dir='ltr'><strong>Iule,</strong></span> <span class='ocrx_word' id='word_1_99' title='bbox 751 2177 976 2242; x_wconf 83' lang='lat' dir='ltr'><strong>ceratis</strong></span> <span class='ocrx_word' id='word_1_100' title='bbox 1021 2198 1141 2261; x_wconf 93' lang='lat' dir='ltr'><strong>ope</strong></span> <span class='ocrx_word' id='word_1_101' title='bbox 1186 2176 1504 2241; x_wconf 89' lang='lat' dir='ltr'><strong>Daedalea</strong></span> 
     </span>
    </p>
   </div>
   <div class='ocr_carea' id='block_1_16' title="bbox 503 2260 1601 2357">
    <p class='ocr_par' dir='ltr' id='par_1_18' title="bbox 503 2260 1601 2357">
     <span class='ocr_line' id='line_1_28' title="bbox 503 2260 1601 2357; baseline 0 -31"><span class='ocrx_word' id='word_1_102' title='bbox 503 2329 510 2335; x_wconf 70' lang='grc'><strong>,</strong></span> <span class='ocrx_word' id='word_1_103' title='bbox 536 2260 783 2326; x_wconf 84' lang='lat' dir='ltr'><strong>Nititur</strong></span> <span class='ocrx_word' id='word_1_104' title='bbox 800 2345 813 2357; x_wconf 40' lang='lat'><strong>·</strong></span> <span class='ocrx_word' id='word_1_105' title='bbox 832 2261 1054 2342; x_wconf 81' lang='lat' dir='ltr'><strong>pinnis</strong></span> <span class='ocrx_word' id='word_1_106' title='bbox 1096 2262 1299 2326; x_wconf 89' lang='lat' dir='ltr'><strong>vitreo</strong></span> <span class='ocrx_word' id='word_1_107' title='bbox 1344 2260 1601 2326; x_wconf 84' lang='lat' dir='ltr'><strong>daturus</strong></span> 
     </span>
    </p>
   </div>
   <div class='ocr_carea' id='block_1_17' title="bbox 620 2344 1165 2429">
    <p class='ocr_par' dir='ltr' id='par_1_19' title="bbox 620 2344 1165 2429">
     <span class='ocr_line' id='line_1_29' title="bbox 620 2344 1165 2429; baseline -0.004 -18"><span class='ocrx_word' id='word_1_108' title='bbox 620 2344 903 2411; x_wconf 84' lang='lat' dir='ltr'><strong>Nomma</strong></span> <span class='ocrx_word' id='word_1_109' title='bbox 944 2348 1165 2429; x_wconf 74' lang='lat' dir='ltr'><strong>ponto,</strong></span> 
     </span>
    </p>
   </div>
   <div class='ocr_carea' id='block_1_18' title="bbox 534 2461 1913 2798">
    <p class='ocr_par' dir='ltr' id='par_1_20' title="bbox 535 2461 1913 2547">
     <span class='ocr_line' id='line_1_30' title="bbox 535 2461 1913 2547; baseline 0.001 -21"><span class='ocrx_word' id='word_1_110' title='bbox 535 2462 758 2526; x_wconf 85' lang='lat' dir='ltr'><strong>Monte</strong></span> <span class='ocrx_word' id='word_1_111' title='bbox 802 2462 1139 2527; x_wconf 84' lang='lat' dir='ltr'><strong>decurrens</strong></span> <span class='ocrx_word' id='word_1_112' title='bbox 1182 2461 1357 2527; x_wconf 89' lang='lat' dir='ltr'><strong>velut</strong></span> <span class='ocrx_word' id='word_1_113' title='bbox 1399 2462 1634 2547; x_wconf 83' lang='lat' dir='ltr'><strong>amnis,</strong></span> <span class='ocrx_word' id='word_1_114' title='bbox 1678 2463 1913 2529; x_wconf 81' lang='lat' dir='ltr'><strong>imbres</strong></span> 
     </span>
    </p>

    <p class='ocr_par' dir='ltr' id='par_1_21' title="bbox 539 2545 1702 2632">
     <span class='ocr_line' id='line_1_31' title="bbox 539 2545 1702 2632; baseline 0.003 -23"><span class='ocrx_word' id='word_1_115' title='bbox 539 2545 740 2620; x_wconf 85' lang='lat' dir='ltr'><strong>Quem</strong></span> <span class='ocrx_word' id='word_1_116' title='bbox 784 2568 973 2630; x_wconf 90' lang='lat' dir='ltr'><strong>super</strong></span> <span class='ocrx_word' id='word_1_117' title='bbox 1014 2550 1200 2612; x_wconf 85' lang='lat' dir='ltr'><strong>notas</strong></span> <span class='ocrx_word' id='word_1_118' title='bbox 1244 2548 1455 2613; x_wconf 91' lang='lat' dir='ltr'><strong>aluere</strong></span> <span class='ocrx_word' id='word_1_119' title='bbox 1497 2547 1670 2632; x_wconf 87' lang='lat' dir='ltr'><strong>ripas</strong></span> <span class='ocrx_word' id='word_1_120' title='bbox 1682 2598 1702 2629; x_wconf 88' lang='lat'><em>,</em></span> 
     </span>
    </p>

    <p class='ocr_par' dir='ltr' id='par_1_22' title="bbox 534 2629 1793 2798">
     <span class='ocr_line' id='line_1_32' title="bbox 534 2629 1793 2716; baseline 0.001 -21"><span class='ocrx_word' id='word_1_121' title='bbox 534 2629 767 2695; x_wconf 80' lang='lat' dir='ltr'><strong>Fervet</strong></span> <span class='ocrx_word' id='word_1_122' title='bbox 807 2631 1260 2715; x_wconf 89' lang='lat' dir='ltr'><strong>inmensusque</strong></span> <span class='ocrx_word' id='word_1_123' title='bbox 1302 2632 1434 2695; x_wconf 89' lang='lat' dir='ltr'><strong>ruit</strong></span> <span class='ocrx_word' id='word_1_124' title='bbox 1473 2633 1793 2716; x_wconf 79' lang='lat' dir='ltr'><strong>profundo</strong></span> 
     </span>
     <span class='ocr_line' id='line_1_33' title="bbox 619 2714 1115 2798; baseline -0.002 -19"><span class='ocrx_word' id='word_1_125' title='bbox 619 2714 934 2780; x_wconf 83' lang='lat' dir='ltr'><strong>Pindarus</strong></span> <span class='ocrx_word' id='word_1_126' title='bbox 979 2736 1115 2798; x_wconf 87' lang='lat' dir='ltr'><strong>ore,</strong></span> 
     </span>
    </p>
   </div>
   <div class='ocr_carea' id='block_1_19' title="bbox 536 2831 1820 3169">
    <p class='ocr_par' dir='ltr' id='par_1_23' title="bbox 536 2831 1587 2914">
     <span class='ocr_line' id='line_1_34' title="bbox 536 2831 1587 2914; baseline -0.003 -18"><span class='ocrx_word' id='word_1_127' title='bbox 536 2831 781 2897; x_wconf 79' lang='lat' dir='ltr'><strong>Laurea</strong></span> <span class='ocrx_word' id='word_1_128' title='bbox 823 2831 1154 2897; x_wconf 86' lang='lat' dir='ltr'><strong>donandus</strong></span> <span class='ocrx_word' id='word_1_129' title='bbox 1197 2831 1587 2914; x_wconf 88' lang='lat' dir='ltr'><strong>Apollinari,</strong></span> 
     </span>
    </p>

    <p class='ocr_par' dir='ltr' id='par_1_24' title="bbox 539 2911 1820 3000">
     <span class='ocr_line' id='line_1_35' title="bbox 539 2911 1820 3000; baseline -0.005 -19"><span class='ocrx_word' id='word_1_130' title='bbox 539 2915 665 2981; x_wconf 87' lang='lat' dir='ltr'><strong>Seu</strong></span> <span class='ocrx_word' id='word_1_131' title='bbox 705 2938 821 3000; x_wconf 91' lang='lat' dir='ltr'><strong>per</strong></span> <span class='ocrx_word' id='word_1_132' title='bbox 864 2915 1132 2980; x_wconf 81' lang='lat' dir='ltr'><strong>audaces</strong></span> <span class='ocrx_word' id='word_1_133' title='bbox 1174 2935 1343 2979; x_wconf 92' lang='lat' dir='ltr'><strong>nova</strong></span> <span class='ocrx_word' id='word_1_134' title='bbox 1385 2911 1820 2995; x_wconf 73' lang='lat' dir='ltr'><strong>dithyrambos</strong></span> 
     </span>
    </p>

    <p class='ocr_par' dir='ltr' id='par_1_25' title="bbox 536 2996 1765 3169">
     <span class='ocr_line' id='line_1_36' title="bbox 536 2996 1765 3078; baseline -0.002 -14"><span class='ocrx_word' id='word_1_135' title='bbox 536 2998 751 3065; x_wconf 89' lang='lat' dir='ltr'><strong>Verba</strong></span> <span class='ocrx_word' id='word_1_136' title='bbox 794 3000 1075 3064; x_wconf 77' lang='lat' dir='ltr'><strong>devolvit</strong></span> <span class='ocrx_word' id='word_1_137' title='bbox 1115 2998 1520 3078; x_wconf 88' lang='lat' dir='ltr'><strong>numerisque</strong></span> <span class='ocrx_word' id='word_1_138' title='bbox 1563 2996 1765 3062; x_wconf 85' lang='lat' dir='ltr'><strong>fertur</strong></span> 
     </span>
     <span class='ocr_line' id='line_1_37' title="bbox 621 3083 1097 3169; baseline -0.008 -20"><span class='ocrx_word' id='word_1_139' title='bbox 621 3083 796 3169; x_wconf 88' lang='lat' dir='ltr'><strong>Lege</strong></span> <span class='ocrx_word' id='word_1_140' title='bbox 838 3083 1097 3165; x_wconf 85' lang='lat' dir='ltr'><strong>solutis,</strong></span> 
     </span>
    </p>
   </div>
   <div class='ocr_carea' id='block_1_20' title="bbox 540 3199 1854 3519">
    <p class='ocr_par' dir='ltr' id='par_1_26' title="bbox 540 3199 1802 3284">
     <span class='ocr_line' id='line_1_38' title="bbox 540 3199 1802 3284; baseline -0.002 -18"><span class='ocrx_word' id='word_1_141' title='bbox 540 3200 664 3266; x_wconf 85' lang='lat' dir='ltr'><strong>Seu</strong></span> <span class='ocrx_word' id='word_1_142' title='bbox 708 3200 860 3264; x_wconf 90' lang='lat' dir='ltr'><strong>deos</strong></span> <span class='ocrx_word' id='word_1_143' title='bbox 903 3219 1166 3284; x_wconf 86' lang='lat' dir='ltr'><strong>regesve</strong></span> <span class='ocrx_word' id='word_1_144' title='bbox 1210 3199 1411 3283; x_wconf 84' lang='lat' dir='ltr'><strong>canit,</strong></span> <span class='ocrx_word' id='word_1_145' title='bbox 1462 3199 1723 3265; x_wconf 91' lang='lat' dir='ltr'><strong>deorum</strong></span> <span class='ocrx_word' id='word_1_146' title='bbox 1797 3208 1802 3213; x_wconf 85' lang='lat'>&#39;</span> 
     </span>
    </p>

    <p class='ocr_par' dir='ltr' id='par_1_27' title="bbox 540 3283 1854 3368">
     <span class='ocr_line' id='line_1_39' title="bbox 540 3283 1854 3368; baseline 0 -19"><span class='ocrx_word' id='word_1_147' title='bbox 540 3283 929 3368; x_wconf 87' lang='lat' dir='ltr'><strong>Sanguinem</strong></span> <span class='ocrx_word' id='word_1_148' title='bbox 943 3331 958 3357; x_wconf 89' lang='lat'><strong>‚</strong></span> <span class='ocrx_word' id='word_1_149' title='bbox 1002 3303 1117 3367; x_wconf 92' lang='lat' dir='ltr'><strong>per</strong></span> <span class='ocrx_word' id='word_1_150' title='bbox 1161 3303 1319 3367; x_wconf 88' lang='lat' dir='ltr'><strong>quos</strong></span> <span class='ocrx_word' id='word_1_151' title='bbox 1363 3284 1645 3349; x_wconf 77' lang='lat' dir='ltr'><strong>cecidere</strong></span> <span class='ocrx_word' id='word_1_152' title='bbox 1688 3285 1854 3349; x_wconf 85' lang='lat' dir='ltr'><strong>iusta</strong></span> 
     </span>
    </p>

    <p class='ocr_par' dir='ltr' id='par_1_28' title="bbox 543 3364 1807 3519">
     <span class='ocr_line' id='line_1_40' title="bbox 543 3364 1807 3451; baseline 0.003 -23"><span class='ocrx_word' id='word_1_153' title='bbox 543 3367 752 3429; x_wconf 87' lang='lat' dir='ltr'><strong>Morte</strong></span> <span class='ocrx_word' id='word_1_154' title='bbox 797 3364 1123 3451; x_wconf 78' lang='lat' dir='ltr'><strong>Centauri,</strong></span> <span class='ocrx_word' id='word_1_155' title='bbox 1169 3368 1400 3433; x_wconf 90' lang='lat' dir='ltr'><strong>cecidit</strong></span> <span class='ocrx_word' id='word_1_156' title='bbox 1441 3369 1807 3435; x_wconf 88' lang='lat' dir='ltr'><strong>tremendae</strong></span> 
     </span>
     <span class='ocr_line' id='line_1_41' title="bbox 626 3448 1359 3519; baseline 0.01 -8"><span class='ocrx_word' id='word_1_157' title='bbox 626 3448 913 3515; x_wconf 88' lang='lat' dir='ltr'><strong>Flamma</strong></span> <span class='ocrx_word' id='word_1_158' title='bbox 957 3450 1359 3519; x_wconf 82' lang='lat' dir='ltr'><strong>Chimaerae:</strong></span> 
     </span>
    </p>
   </div>
   <div class='ocr_carea' id='block_1_21' title="bbox 2181 120 2286 258">
    <p class='ocr_par' dir='ltr' id='par_1_29' title="bbox 2181 120 2286 258">
     <span class='ocr_line' id='line_1_42' title="bbox 2181 120 2286 258; baseline 0.038 -18"><span class='ocrx_word' id='word_1_159' title='bbox 2181 120 2184 123; x_wconf 15' lang='grc' dir='ltr'>Ι</span> <span class='ocrx_word' id='word_1_160' title='bbox 2227 187 2286 258; x_wconf 89' lang='lat'><strong>[1.</strong></span> 
     </span>
    </p>
   </div>
  </div>
 </body>
</html>
