2514 3950
244 178 499 251 xxxvi]
1033 175 1249 230 nemi
1290 175 1335 231 1.

486 339 633 404 Neu
669 338 856 411 multi
897 336 1184 402 Damalis
1227 336 1388 401 meri

580 423 850 488 Bassum
892 422 1159 487 threicia
1199 422 1415 486 vincat
1454 421 1798 505 amystide,

487 506 632 573 Neu
675 506 888 571 desint
931 507 1135 590 epulis
1177 527 1361 570 rosae

575 591 723 656 Neu
761 591 948 656 vivax
991 591 1206 674 apium
1246 611 1375 654 neu
1414 589 1607 654 breve
1650 589 1871 653 lilium.

488 708 726 774 Omnes
768 708 838 772 in
877 706 1179 773 Damalin
1218 709 1438 792 putres

579 790 678 857 De
725 795 925 857 onent
965 793 1211 875 oeu108,
1255 813 1376 856 nee
1409 790 1700 856 Damalis
1745 810 1913 854 novo

488 875 653 941 Dive
707 879 845 940 ebur
887 875 1172 941 adultero
1186 918 1207 960 7

579 958 863 1024 Lascivis
904 959 1155 1024 hederis
1199 959 1615 1026 ambitiosior.

1023 1211 1386 1286 XXXVII.
1417 1280 1424 1291 .

490 1343 557 1410 N
557 1365 682 1409 uno
725 1346 822 1408 est
862 1342 1234 1426 bibendum,
1280 1363 1451 1406 nune
1492 1342 1654 1426 pede
1695 1343 1895 1407 libero

491 1428 812 1495 Pulsanda
852 1428 1070 1510 tellus,
1113 1433 1309 1491 nuno'
1330 1426 1673 1492 Saliaribus

586 1512 828 1577 Ornare
872 1512 1166 1596 pulvinar
1210 1511 1473 1576 deorum

684 1596 960 1681 Tempus
1005 1598 1140 1660 erab
1183 1595 1479 1680 dapihm,
1527 1595 1794 1661 sodales,

491 1713 746 1779 Anthae
787 1713 968 1778 nefas
1013 1713 1384 1797 depromere
1428 1712 1788 1778 Caecubum
1915 1728 1919 1731 ·

495 1797 694 1863 Cellis
738 1798 925 1862 avitis
940 1846 958 1881 ‚
1005 1797 1155 1861 dum
1200 1797 1519 1882 Capitolio

586 1881 680 1946 Re
733 1882 746 1895 '
799 1903 836 1944 a
879 1881 1203 1945 dementes
1245 1881 1461 1944 ruinas

740 1987 904 2030 unus
949 1966 1015 2029 et
1054 1964 1322 2049 imperio
1365 1965 1631 2048 parabat

497 2081 948 2147 Contaminabo
995 2103 1138 2146 eum
1181 2102 1378 2179 grege
1420 2081 1701 2165 turpium

494 2164 724 2230 Morbo
769 2166 1079 2249 virorum,
1126 2166 1437 2250 quidhbet
1475 2166 1776 2249 inpotens

593 2248 857 2334 Sperare
901 2249 1281 2334 forbunaque
1327 2250 1497 2316 dulei

688 2333 903 2399 Ebria.
993 2331 1119 2399 Sed
1159 2334 1395 2399 minuiiz
1434 2336 1715 2399 furorem

495 2449 623 2516 Vix
663 2473 792 2516 una
835 2473 940 2516 sos
987 2473 1053 2515 es
1095 2452 1277 2515 navis
1322 2452 1402 2516 ab
1445 2452 1733 2536 ignibus,

497 2533 909 2619 Mentemque
940 2475 1349 2618 {ymphassam
1390 2534 1739 2600 Mareotico

590 2617 866 2703 Redegit
906 2620 978 2682 in
1017 2640 1201 2683 veros
1241 2620 1505 2683 timores

696 2702 959 2786 Caesar,
1005 2702 1086 2766 ab
1129 2702 1318 2769 Italia
1358 2703 1681 2767 volantem

498 2818 716 2884 Remis
761 2820 1119 2905 adurguens
1132 2869 1151 2903 ‚
1197 2820 1499 2904 accipiter
1540 2821 1715 2883 velnis

498 2901 729 2968 Molles
773 2905 1097 2968 columbas
1143 2907 1254 2967 aut
1294 2905 1575 2986 leporem
1619 2903 1783 2967 citus

591 2986 874 3052 Venator
915 2988 984 3051 in
1028 3008 1167 3052 eam
1212 2988 1268 3050 is
1311 2986 1540 3051 nivalis

693 3071 1108 3152 Haemoniae,
1199 3073 1336 3134 aret
1374 3073 1448 3134 ut
1489 3072 1729 3136 eatenis

500 3185 718 3252 Fatale
759 3189 1135 3251 mons'nrum.
1224 3186 1398 3263 Quae
1488 3190 1811 3255 enerosius

500 3269 715 3336 Perire
759 3292 1068 3355 quaerens
1109 3293 1229 3336 neo
1271 3273 1465 3337 mulie
1510 3273 1665 3338 riter

596 3353 876 3437 Expavib
918 3377 1134 3420 ensem
1176 3378 1297 3421 nec
1339 3357 1611 3422 latentes

699 3438 914 3504 Classe
959 3439 1087 3504 cita
1105 3442 1466 3525 †reparavit
1492 3461 1652 3506 oras.

2072 168 2158 234 29

2096 518 2157 566 15

2092 885 2161 935 20

2101 2177 2168 2227 10

2105 2631 2167 2681 15

2104 3083 2172 3133 20
