2514 3950
217 161 341 232 vu]
969 159 1186 214 LIBER
1226 161 1324 216 111.
2037 122 2156 221 615

318 323 520 406 Atqui
564 321 872 387 sollicitae
914 322 1179 386 nuntius
1222 321 1547 406 hospissae,

319 406 651 490 Suspirare
696 404 944 471 Chloen
987 408 1052 471 et
1092 406 1394 471 miseram
1435 407 1563 471 tuis
2059 420 2122 468 10

402 489 641 555 Dicens
684 489 942 574 ignibus
985 491 1086 554 uri
1096 539 1114 573 ,

495 574 795 658 Temptass
836 574 1013 639 mille
1054 575 1232 639 vafer
1276 574 1504 639 modis·

318 692 409 756 Vt
449 692 752 757 Proetum
794 692 1022 757 mulier
1063 692 1306 791 perfida
1350 691 1674 757 credulum

319 776 524 841 Falsis
567 777 637 840 in
682 776 874 840 ulerit
916 777 1289 842 crimmibus
1331 776 1524 841 nimis

406 860 597 926 Casto
701 861 1182 945 ellerophontae
2059 874 2119 922 15

495 944 818 1009 Maturare
859 966 1083 1010 necem
1126 946 1350 1031 referb3

318 1062 556 1127 Narrat
595 1083 798 1145 paene
842 1062 1061 1125 datum
1103 1062 1298 1127 Pelea
1340 1062 1607 1126 Tartaro
1622 1111 1640 1145 ,

318 1145 428 1209 Ma
522 1166 729 1209 essam
771 1144 860 1209 Hi
905 1147 1170 1230 polyten
1212 1146 1367 1209 dum
1409 1146 1579 1231 fugit
1621 1146 1976 1231 absizinens3

404 1168 519 1294 {tn
580 1250 796 1294 eccare
842 1168 1141 1295 docentes

551 1314 720 1377 allax
761 1312 1064 1379 hisssorias
1108 1316 1341 1379 movet.
2053 1326 2120 1375 20

318 1431 613 1497 Frustra:
656 1453 809 1496 nam
853 1433 1130 1517 scopulis
1175 1432 1427 1497 surdior
1468 1431 1632 1496 Icari

318 1515 526 1581 Voces
571 1516 751 1580 audit
792 1516 997 1582 adhuc
1040 1519 1312 1603 integer.
1401 1517 1495 1580 At
1534 1516 1656 1582 tibi

401 1600 502 1666 Ne
545 1601 791 1665 vicinus
835 1600 1121 1686 Enipeus

493 1684 647 1749 Plus
691 1685 859 1749 iusto
902 1686 1156 1770 placeat
1197 1707 1380 1771 cave3

319 1800 621 1877 Quamvis
663 1824 799 1867 non
824 1803 1005 1868 «lius
1046 1804 1301 1868 fleclzere
1345 1825 1380 1868 e
1424 1826 1578 1866 uum
1622 1804 1829 1869 sciens
2052 1817 2118 1864 25

317 1884 416 1949 Ae
460 1908 539 1949 ue
585 1885 974 1970 conspicitur
1015 1887 1304 1970 gramine
1420 1887 1582 1950 arbio
1593 1934 1612 1969 ‚

470 1990 542 2033 ec
586 1969 726 2051 quis
771 1990 921 2033 uam
965 1970 1128 2033 citus
1173 1990 1372 2053 aeque

500 2051 707 2116 Tusco
795 2055 1012 2117 enatat
1052 2054 1249 2118 alveo.

319 2169 536 2234 Prima
575 2172 766 2234 nocte
809 2169 1066 2234 domum
1110 2171 1331 2235 claude
1374 2192 1579 2268 neque
1622 2171 1692 2235 in
1733 2171 1869 2236 vias

322 2253 453 2319 Sub
499 2256 689 2318 cautu
733 2255 1030 2338 querulae
1075 2253 1327 2339 despice
1370 2255 1565 2320 tib1ae
1574 2305 1594 2339 ‚
2052 2268 2119 2317 3ο

403 2338 494 2403 Et
531 2340 596 2402 te
641 2359 829 2422 saepe
870 2340 1126 2404 vocanti

495 2420 738 2488 Duram
783 2422 1058 2488 difficilis
1102 2445 1309 2489 mane.

1050 2678 1243 2753 VIII.

313 2810 566 2875 Martiis
611 2809 859 2874 caelebs
904 2809 1057 2894 quid
1101 2831 1292 2895 agam
1324 2809 1666 2896 Kalendis,

314 2894 485 2969 Quid
527 2894 730 2959 velint
769 2894 959 2959 flores
1003 2896 1068 2959 et
1111 2915 1329 2958 acerra
1368 2894 1550 2958 wris‘

311 2978 515 3043 Plena
556 2978 808 3042 miraris
850 2978 1221 3061 positusque
1267 2978 1457 3042 carbo
1500 2978 1590 3042 in'

403 3061 660 3146 Cespite
703 3062 879 3144 vivo,

309 3178 521 3244 Docte
566 3199 889 3244 sermones
933 3178 1260 3263 ula-iusque
1303 3179 1607 3265 linguae?
2086 3192 2116 3240 5

310 3261 635 3327 Voveram
679 3263 895 3328 dulces
940 3264 1160 3348 epulas
1206 3267 1274 3328 et
1315 3263 1530 3328 album

309 3344 546 3410 Libero
592 3368 853 3432 caprum
895 3369 1096 3433 prope
1138 3348 1465 3414 funeratus

400 3430 667 3496 Arboris
711 3433 859 3498 ictu.

1965 2717 2208 2858 «λεῖμμά,
2236 2743 2289 2806 J.
