2514 3950
477 740 1758 846 EPISTVLARVM

841 943 1056 1000 LIBER
1088 942 1380 999 Pmnvs.

1078 1113 1138 1191 I.

192 1212 412 1311 Prima
450 1244 608 1310 dicte
652 1244 809 1310 mihi
823 1294 842 1329 ,
889 1266 1136 1311 summa
1177 1243 1444 1310 dicende
1488 1243 1793 1329 Camena,

189 1331 229 1398 S
271 1331 519 1395 ectatum
561 1329 715 1394 satis
759 1332 825 1394 et
866 1329 1175 1395 donatum
1218 1329 1347 1394 iam
1388 1329 1543 1395 rude
1588 1331 1834 1412 quaeris
1848 1378 1867 1414 ,

248 1434 490 1480 aecenas
501 1462 520 1498 ,
564 1414 795 1479 iterum
839 1413 1100 1499 antiquo
1144 1436 1248 1480 me
1291 1411 1614 1479 includere
1658 1414 1851 1479 ludo?

178 1498 320 1566 Non
360 1498 630 1565 eademst
673 1501 846 1565 aetas
857 1547 877 1583 ,
921 1519 1057 1563 non
1098 1519 1298 1564 mens.
1386 1497 1693 1563 Veianius
1736 1498 1928 1564 armis

172 1582 449 1649 Herculis
488 1582 568 1647 ad
612 1586 860 1668 postem
902 1582 1044 1647 fixis
1089 1583 1246 1649 latet
1290 1582 1541 1648 abditus
1587 1603 1742 1668 agro
1757 1631 1775 1667 ,
2044 1593 2075 1645 ὅ

166 1667 262 1735 Ne
300 1667 598 1765 populum
643 1670 924 1732 extrema
964 1667 1200 1733 totiens
1245 1669 1466 1734 exoret
1506 1688 1717 1736 arena.

159 1751 279 1817 Est
316 1751 469 1817 m1hi
511 1755 850 1836 purgatam
895 1751 1113 1817 crebro
1159 1753 1268 1836 qui
1317 1755 1619 1835 personet
1661 1773 1907 1817 aurem:

160 1835 368 1902 ‘Solve
410 1838 842 1901 senescentem
885 1837 1129 1899 mature
1172 1856 1365 1899 sanus
1409 1856 1668 1917 equum,
1713 1857 1796 1900 ne

152 1919 384 1985 Peccet
424 1917 506 1982 ad
551 1920 901 1983 extremum
943 1916 1244 1983 ridendus
1290 1919 1356 1983 et
1394 1916 1509 1982 ilia
1552 1917 1785 1983 ducat?

146 1999 342 2068 Nunc
384 2003 601 2085 itaque
645 2004 711 2067 et
752 2022 970 2067 versus
1016 2003 1081 2066 et
1125 2004 1336 2066 cetera
1376 2001 1618 2066 ludicra
1660 2022 1862 2087 pon03
2016 2016 2080 2066 ιο

147 2085 316 2160 Quid
348 2106 571 2151 verum
600 2088 788 2170 atque
818 2084 1081 2169 decens,
1112 2105 1263 2151 curo
1295 2087 1471 2184 et0ro
1521 2106 1589 2169 o,
1637 2089 1701 2150 et
1743 2087 1951 2151 omnis

1367 2191 1438 2234 1n
1525 2190 1600 2234 oc
1644 2192 1811 2255 sum3

133 2256 370 2323 Condo
422 2258 491 2322 et
535 2276 827 2341 conpone
869 2278 1029 2342 quae
1070 2277 1220 2323 mox
1265 2257 1633 2342 depromere
1677 2258 1938 2341 possim.

122 2342 231 2406 Ac
258 2362 347 2405 ne
393 2341 567 2406 forte
595 2362 783 2426 roges
789 2389 812 2438 ,³
858 2361 983 2425 quo
1013 2363 1115 2407 me
1160 2342 1348 2424 duce,
1393 2361 1519 2423 quo
1549 2340 1710 2405 Lare
1751 2345 1951 2409 tuter:

116 2425 397 2491 Nullius
446 2424 738 2496 addictus
783 2446 988 2492 mrare
1031 2425 1102 2489 in
1143 2425 1338 2490 verba
1378 2446 1444 2488 m
1535 2424 1548 2438 '
1585 2425 1700 2508 tri,

113 2509 268 2584 Quo
301 2528 419 2573 me
465 2529 734 2591 cumque
767 2509 940 2592 rapit
981 2511 1355 2593 tempestas,
1402 2508 1480 2574 de
1510 2529 1652 2574 eror
1694 2510 1949 2595 hospes.
2015 2523 2080 2574 15

107 2591 181 2657 N
176 2612 322 2666 ,unc
370 2591 575 2677 agilis
617 2592 702 2656 fio
747 2595 812 2657 et
850 2613 1093 2657 mersor
1136 2592 1427 2659 civilibus
1471 2592 1688 2678 undis,

100 2674 415 2740 Virtutis
462 2697 652 2741 verae
697 2679 909 2742 custos
952 2676 1323 2763 rigidusque
1367 2677 1621 2742 satelles
1634 2702 1649 2718 ·

93 2759 169 2826 N
166 2781 313 2826 unc
361 2760 446 2825 in
491 2759 811 2845 Aristippi
852 2760 1074 2827 furtim
1113 2764 1453 2859 praecepta
1494 2727 1774 2843 relabor,

93 2845 187 2909 Et
234 2843 425 2909 mihi
474 2866 580 2910 res
596 2893 615 2928 ‚
659 2866 792 2910 non
835 2866 936 2911 me
978 2845 1168 2911 rebus
1212 2845 1597 2931 sub1ungere
1642 2863 1855 2909 conor.

93 2929 185 2993 Vt
233 2950 392 2994 nox
444 2929 653 3015 longa
694 2930 923 3013 quibus
966 2928 1274 2993 mentitur
1317 2928 1553 3010 amica,
1601 2927 1856 3012 diesque
2011 2943 2081 2993 20

93 3013 238 3077 Lon
298 3035 346 3078 a
396 3013 666 3096 videtur
709 3033 870 3096 opus
913 3012 1320 3095 debentibus,
1364 3015 1437 3076 ut
1476 3012 1662 3097 piger
1704 3034 1912 3077 annus

93 3097 268 3180 .³up1
303 3098 440 3181 lis,
494 3118 659 3181 quos
703 3096 860 3160 dura
895 3097 1134 3193 premit
1176 3093 1467 3162 custodia
1507 3099 1813 3162 matrum:

93 3180 191 3244 {ic
219 3180 422 3246 mihi
447 3181 643 3246 tarda
661 3180 874 3245 fluunt
889 3183 1266 3266 ingrataque
1285 3183 1590 3266 tempora,
1615 3201 1775 3265 quae
1798 3201 1977 3264 spem

93 3263 631 3349 {cnsiliumque
672 3267 1004 3330 morantur
1038 3264 1271 3351 agendi
1307 3266 1557 3330 naviter
1599 3266 1664 3329 id
1710 3267 1872 3350 quod

93 3368 332 3430 teque
388 3369 541 3431 pau
588 3350 798 3414 eribus
842 3349 1132 3434 prodest,
1177 3349 1599 3433 locupletibus
1643 3369 1869 3433 aeque,
2014 3362 2079 3412 25

93 3452 331 3517 „eque
387 3452 545 3517 neg
571 3436 779 3499 ectum
820 3433 1032 3519 pueris
1076 3434 1457 3518 senibusque
1498 3432 1803 3501 nocebit..
