2514 3950
358 183 528 258 ΧΠ]
1136 185 1352 242 LIBER
1392 188 1490 244 111.
2200 184 2282 248 69

436 388 439 389 f
528 346 927 433 Quamquam
968 369 1087 414 nec
1122 347 1431 414 Calabrae
1472 351 1665 413 mella
1705 349 1921 415 ferunt
1963 373 2144 436 apeS,

474 468 485 481 =
522 430 663 498 Nec
704 431 1170 518 Laestrygonia
1211 432 1504 499 Bacchus
1546 434 1619 497 in
1661 456 1765 497 am
1808 435 1969 499 hora

607 515 994 602 Languescit
1034 516 1224 601 mihi,
1270 538 1389 582 nec
1429 518 1697 616 pinguia
1801 519 2002 585 allicis
2215 532 2281 582 35

703 600 1015 667 Crescunt
1054 601 1291 666 vellera
1339 623 1623 688 pascu1s3

522 735 881 820 Inportuna
921 740 1142 802 tamen
1182 739 1518 822 pauperies
1563 738 1772 821 abest,

521 819 661 886 Nec
704 823 759 886 si
800 823 988 905 plura
1027 822 1220 887 velim
1271 824 1344 886 tu
1387 823 1538 887 dare
1582 821 1876 907 deneges,

608 904 958 970 Contracto
1001 906 1229 970 melius
1273 928 1471 991 parva
1516 907 1813 990 cupidine

698 987 1064 1072 Vectigalia
1104 991 1460 1074 porrigam,
1993 1050 1996 1053 .
2216 1003 2285 1052 40

528 1119 732 1196 Quam
777 1121 832 1185 si
858 1120 1229 1217 Mygdoniis
1276 1144 1345 1187 re
1438 1144 1548 1187 um
1589 1124 1877 1205 Alyattei

528 1202 789 1287 Campis
835 1207 1218 1269 continuem.
1378 1203 1513 1269 ulta
1552 1206 1916 1302 petentibus

611 1286 862 1353 Desunt
904 1288 1137 1354 multa:
1181 1289 1434 1373 benest,
1482 1310 1584 1352 cul
1628 1288 1782 1353 deus
1827 1288 2059 1353 obtulit

702 1372 904 1437 Parca
949 1372 1118 1457 quod
1162 1374 1315 1439 satis
1362 1375 1459 1439 est
1500 1394 1715 1438 manu.

1198 1717 1426 1791 XVH·
2183 1728 2314 1827 ff„
2377 1760 2428 1825 ,ᾗ
2473 1742 2514 1817 ,ζ

525 1827 684 1910 Aeli'
713 1819 965 1911 vettisto
1009 1822 1246 1911 nobilis
1291 1838 1372 1909 ab
1415 1846 1615 1910 Lamo
1620 1895 1647 1943 ,²
2154 1782 2469 1961 Ἥρη

531 1927 819 2016 [Quando
867 1932 931 1993 et
971 1929 1215 2013 priores
1257 1927 1411 1993 hinc
1453 1929 1710 1994 Lamias
1754 1931 1969 1996 ferunt

611 2010 1077 2076 Denominatos
1122 2014 1188 2075 et
1226 2015 1536 2096 nepotum

703 2095 827 2159 Per
868 2116 1180 2161 memores
1223 2117 1428 2181 genus
1472 2117 1662 2162 omne
1704 2097 1938 2181 fastos3

527 2230 806 2294 Aue-tore
851 2230 932 2294 ab
975 2230 1088 2294 illo
1133 2230 1312 2295 ducis
1359 2230 1724 2379 onginemss
2254 2244 2287 2295 5

530 2313 652 2390 Qui
695 2314 1093 2379 Formiarum
1134 2316 1392 2380 moenia
1481 2316 1665 2380 ‘citur

610 2398 916 2484 Princeps
961 2402 1027 2464 et
1067 2400 1401 2464 innantem
1442 2399 1723 2465 Maricae

703 2482 1027 2547 Litoribus
1070 2484 1352 2572 tenuisse
1394 2482 1625 2568 Lirim,

526 2616 683 2682 Late
725 2621 1054 2700 tyrannus.
1143 2616 1301 2683 Cras
1343 2618 1517 2682 foliis
1559 2639 1783 2683 nemus

527 2700 750 2765 Multis
795 2704 861 2765 et
903 2701 1051 2787 alga
1090 2702 1242 2766 litus
1285 2702 1498 2766 inutili
2224 2716 2288 2765 ιο

611 2783 907 2850 Demissa
946 2788 1293 2870 tempestas
1338 2786 1419 2850 ab
1461 2785 1637 2850 Euro
2270 2829 2274 2833 -

705 2868 989 2954 Sternet,
1035 2892 1235 2954 aquae
1278 2870 1406 2933 nisi
1448 2869 1617 2933 fallit
1660 2891 1863 2955 augur

527 3005 796 3068 Annosa
839 3006 1080 3069 cornix.
1165 3003 1340 3068 Dum
1386 3005 1558 3087 potis
1569 3053 1589 3088 ,
1636 3004 1881 3069 aridum

527 3085 838 3171 Conpone
880 3088 1158 3172 lignum:
1205 3110 1345 3153 cras
1379 3086 1666 3153 Genium
1707 3110 1882 3154 mero

612 3170 882 3237 Curabis
927 3174 992 3235 et
1031 3192 1226 3255 porco
1274 3172 1563 3238 bimestri
2225 3186 2288 3236 15

705 3254 870 3322 Cum
911 3255 1168 3320 famulis
1213 3276 1477 3340 operum
1521 3258 1765 3322 solutis.
