2514 3950
280 218 404 292 m]
1107 213 1324 270 LIBER
1361 214 1434 273 Π.
2084 209 2213 277 233

284 379 622 448 Conversis
666 377 891 444 studiis
936 380 1111 442 aetas
1156 377 1532 461 animusque
1578 377 1781 442 virilis

284 464 548 542 Quaerit
590 483 744 547 opes
789 465 853 528 et
894 461 1239 545 amicitiae,
1283 462 1551 526 inservit
1590 460 1853 545 honori,

285 547 679 616 Oonmisisse
720 549 900 612 cavet
943 546 1115 632 quod
1154 566 1307 610 mox
1348 549 1595 611 mutare
1637 545 1905 611 laboret.

284 633 491 698 Multa
528 652 747 697 senem
774 631 1280 697 circumveniunt
1305 630 1741 714 incommoda,
1785 629 1888 694 vel
1915 632 2086 715 quod

286 717 551 794 Quaerit
592 719 658 781 et
695 716 975 781 inventis
1015 716 1210 780 miser
1252 715 1536 780 abstinet
1576 735 1653 780 ac
1692 715 1880 780 timet
1920 716 2044 799 uti,
2113 729 2212 779 170

283 800 409 867 Vel
450 800 622 886 quod
661 821 764 867 res
808 820 1029 865 omnes
1072 799 1297 864 timide
1338 799 1671 885 gelideque
1713 799 2064 884 ministrat,

281 885 567 969 Dilator,
612 906 724 969 spe
767 885 1031 969 longus,
1075 885 1280 966 iners,
1323 884 1671 968 avidusque
1713 884 1942 969 futuri,

281 969 612 1052 Difficilis,
656 969 988 1051 querulus,
1030 967 1322 1032 laudator
1361 969 1668 1051 temporis
1712 969 1839 1033 acti

286 1053 369 1119 Se
454 1073 641 1135 uero,
685 1051 1033 1136 castigator
1076 1070 1425 1134 censorque
1465 1050 1804 1116 minorum.

285 1076 493 1201 Mufta
535 1136 754 1200 ferunt
793 1134 946 1199 anni
988 1135 1317 1199 venientes
1361 1135 1697 1200 commoda
1738 1155 1984 1220 secum,
2116 1151 2212 1202 175

284 1221 493 1285 Multa
531 1218 901 1284 recedentes
945 1217 1253 1283 adimunt.
1340 1217 1443 1284 Ne
1484 1218 1652 1283 forte
1695 1219 1928 1285 seniles

285 1301 675 1370 Mandentur
715 1303 930 1368 iuveni
968 1305 1188 1401 partes
1229 1323 1557 1387 pueroque
1598 1303 1847 1369 viriles:

287 1388 553 1474 Semper
593 1388 665 1452 in
705 1388 1018 1453 adiunctis
1062 1407 1343 1471 aevoque
1383 1387 1775 1453 morabimur
1815 1387 2004 1473 aptis.

286 1476 425 1539 Aut
466 1473 680 1558 agitur
721 1493 822 1537 res
864 1472 936 1536 in
977 1472 1223 1537 scaenis
1267 1475 1380 1537 aut
1421 1474 1567 1537 acta
1608 1473 1897 1538 refertur.

288 1557 562 1644 Segnius
604 1557 876 1622 inritant
917 1557 1166 1621 animos
1210 1556 1489 1622 demissa
1527 1577 1644 1641 per
1685 1577 1904 1622 aurem
2119 1570 2220 1622 180

287 1642 493 1720 Quam
536 1662 698 1726 quae
740 1645 892 1706 sunt
931 1641 1133 1707 oculis
1163 1641 1450 1707 subiecta
1490 1641 1783 1708 fidelibus
1815 1645 1880 1707 et
1920 1662 2082 1726 quae

283 1726 318 1791 Ι
364 1748 433 1792 se
476 1726 601 1792 sibi
639 1725 839 1791 tradit
879 1728 1231 1810 spectator:
1273 1728 1667 1791 non'tamen
1706 1727 1883 1791 intus

283 1812 688 1962 ,efflatam
708 1811 2036 1978 AEssmffiossnn'ffitasseffiffqffieffl?

283 1980 389 2046 Ne
431 1941 665 2063 pueros
709 1998 925 2042 coram
965 1978 1206 2061 populo
1249 1977 1479 2042 Medea
1518 1978 1684 2042 truci
1729 1980 1821 2062 et,
2120 1994 2218 2044 185

285 2065 424 2129 Aut
463 2062 746 2126 humana
833 2062 999 2126 alam
1041 2065 1276 2145 coquat
1310 2064 1457 2126 exta
1496 2062 1779 2127 nefarius
1821 2064 2090 2147 Atreus,

285 2150 424 2213 Aut
450 2146 521 2210 in
550 2166 733 2211 avem
812 2166 1007 2211 roone
1033 2148 1345 2229 vertatur,
1390 2144 1668 2212 Cadmus
1696 2147 1767 2211 in
1795 2168 2089 2233 anguem.

288 2230 745 2314 Quodcumque
789 2229 1073 2295 ostendis
1113 2229 1275 2294 mihi
1317 2230 1439 2314 sic,
1483 2230 1848 2296 incredulus
1891 2232 2018 2298 odi.

286 2320 460 2381 Neve
501 2315 714 2379 minor
753 2336 881 2380 neu
922 2314 1010 2379 sit
1050 2314 1277 2399 quinto
1319 2315 1691 2399 productior
1734 2319 1881 2381 actu

283 2398 560 2482 Fabula,
603 2420 763 2484 quae
804 2399 986 2484 posci
1026 2400 1165 2464 vult
1208 2401 1275 2463 et
1316 2401 1604 2483 spectata
1643 2400 1898 2484 reponi3
2119 2414 2218 2464 190

285 2483 427 2549 Nec
471 2484 625 2548 deus
668 2483 950 2566 intersit,
994 2483 1121 2547 nisi
1164 2482 1399 2567 dignus
1443 2483 1695 2548 vindice
1736 2484 1944 2549 nodus

285 2567 622 2652 Inciderit3
666 2587 786 2631 nec
828 2569 1055 2651 quarta
1096 2567 1160 2631 lo
1207 2567 1275 2632 ui
1315 2588 1592 2651 persona
1631 2567 1898 2634 laboret.

285 2651 545 2716 Actoris
586 2652 802 2735 partes
845 2648 1075 2716 chorus
1119 2671 1157 2715 o
1232 2651 1526 2737 ciumque
1567 2652 1752 2717 virile

284 2735 635 2819 Defendat,
678 2756 806 2800 neu
848 2734 1001 2819 quid
1040 2736 1287 2801 medios
1329 2737 1675 2802 intercinat
1716 2740 1899 2801 actus
1914 2783 1933 2816 ,

285 2820 472 2898 Quod
512 2840 649 2885 non
734 2819 1019 2904 roposito
1062 2820 1381 2885 conducat
1421 2823 1489 2885 et
1527 2820 1790 2883 haereat
1832 2823 1999 2903 apte.
2120 2832 2217 2882 195

281 2904 403 2970 Ille
446 2903 634 2970 bonis
676 2841 1010 2987 faveatque
1054 2906 1120 2968 et
1162 2904 1533 2969 consilietur
1575 2902 1777 2967 amice
1790 2951 1810 2987 ,

281 2989 373 3054 Et
412 2992 599 3074 regat
639 2990 839 3053 iratos
883 2991 950 3052 et
990 2991 1163 3052 amet
1201 3007 1434 3071 pacare
1474 2989 1826 3052 tumentes:

282 3073 403 3137 Ille
448 3072 644 3157 dapes
688 3071 906 3136 laudet
944 3091 1203 3135 mensae
1245 3070 1487 3168 brevis,
1530 3071 1642 3136 ille
1684 3071 2004 3138 salubrem

282 3154 607 3222 Iustitiam
649 3155 949 3242 legesque
994 3157 1060 3219 et
1102 3155 1341 3238 apertis
1385 3157 1519 3219 otia
1558 3156 1792 3241 portis3

282 3239 404 3305 Ille
447 3242 512 3305 te
560 3242 629 3304 at
670 3240 1020 3323 conmissa,
1066 3238 1218 3304 deos
1263 3261 1344 3304 ue
1384 3243 1680 3324 precetur
1722 3242 1787 3305 et
1828 3245 1995 3325 oret,
2116 3254 2219 3305 200

281 3323 376 3389 Vt
416 3261 638 3388 redgeat
677 3324 958 3408 miseris,
1004 3323 1195 3388 abeat
1266 3326 1496 3389 ortana
1538 3323 1848 3408 superbis.

284 3406 472 3474 Tibia
511 3430 681 3492 non,
724 3411 800 3474 ut
838 3429 1011 3473 nunc
1022 3457 1041 3492 ,
1088 3407 1407 3473 orichalco
1449 3409 1665 3473 vincta
1705 3407 2020 3493 tubaeque

282 3492 586 3573 Aemula,
631 3492 742 3557 sed
783 3493 994 3559 tenuis
1040 3492 1435 3577 simplexque
1476 3492 1791 3558 foramine
1841 3514 2046 3578 pauco
