2514 3950
262 169 365 241 111.]
1057 165 1273 222 LIBER
1314 165 1383 228 11.
2048 160 2169 224 169

257 329 420 394 Haec
463 328 622 392 mihi
666 327 1003 394 Stertinius
1015 377 1034 412 ,
1081 327 1440 413 sapientum
1485 328 1771 411 octavus,
1818 328 2020 393 amico

257 416 444 478 Arma
488 412 689 495 dedit,
733 412 1002 497 posthac
1043 434 1126 477 ne
1172 412 1568 509 conpellarer
1610 413 1872 477 inultus.

256 496 496 562 Dixerit
535 498 830 561 insanum
874 497 984 580 qui
1024 518 1157 581 me,
1202 496 1473 562 totrdem
1515 496 1729 561 audiet
1769 500 1957 580 atque

253 582 582 665 Respicere
625 580 849 666 ignoto
896 580 1098 646 discet
1136 581 1483 665 pendentia
1523 584 1753 666 tergo?

256 665 508 749 ‘Stoice,
552 668 702 749 post
744 665 1045 730 damnum
1088 665 1181 730 sic
1222 665 1460 730 vendas
1505 666 1720 731 omnia
1761 665 1962 749 pluris
1972 713 1991 748 ‚
2071 677 2171 728 300

257 750 386 826 Qua
426 771 530 815 me
573 749 873 833 stultitia,
928 749 1229 833 quoniam
1256 771 1392 814 non
1432 752 1531 815 est
1568 771 1773 835 genus
1815 770 2042 832 unum,

251 834 532 899 Insanire
573 833 803 918 putas?
851 856 972 918 ego
1013 855 1168 898 nam
1209 833 1429 899 videor
1469 832 1631 898 mihi
1672 839 1909 899 sanus?

251 919 464 1002 Quid,
496 921 689 1001 caput
716 918 1065 983 abscissum
1087 918 1384 982 manibus
1413 939 1556 983 cum
1585 921 1801 1002 portat
1819 918 2045 1004 Agaue

251 1003 440 1067 Gnati
483 1002 789 1082 infelicis,
836 1002 960 1065 sibi
1001 1005 1141 1065 tum
1182 1002 1427 1066 furiosa
1466 1002 1782 1067 videtur-‘P

249 1085 550 1151 ‘Stultum
591 1106 694 1149 me
737 1085 944 1149 fateor
987 1084 1206 1170 (liceat
1250 1085 1593 1150 concedere
1634 1086 1828 1169 veris)
2070 1098 2171 1149 305

248 1170 456 1253 Atque
479 1169 672 1233 etiam
693 1168 1019 1254 insanum3
1052 1171 1305 1233 tantum
1326 1168 1451 1234 hoc
1473 1169 1765 1254 edissere,
1796 1191 1920 1253 quo
1942 1191 2045 1234 me

253 1253 344 1319 Ae
425 1255 602 1319 otare
687 1256 828 1318 utes
871 1253 1069 1318 animi
1110 1254 1314 1318 vitio?
1404 1254 1700 1337 ‘Accipez
1743 1255 2022 1338 primum

250 1340 346 1402 Ae
396 1338 410 1351 ‘
461 1358 599 1421 cas,
692 1358 768 1404 oc
812 1341 912 1403 est
952 1338 1183 1423 longos
1227 1338 1527 1420 imitariS,
1572 1338 1654 1402 ab
1696 1338 1826 1402 imo

246 1422 350 1486 Ad
392 1445 709 1488 summum
750 1424 940 1499 totus,
967 1423 1209 1488 moduli
1251 1422 1596 1507 bipedalis,
1642 1424 1708 1487 et
1747 1422 1918 1487 idem

248 1506 529 1591 Corpore
571 1507 878 1572 maiorem
920 1506 1090 1572 rides
1134 1507 1453 1572 Turbonis
1494 1508 1564 1571 in
1607 1508 1797 1572 armis
2072 1521 2174 1570 310

245 1590 553 1676 Spiritum
594 1596 662 1657 et
702 1592 1049 1657 incessum:
1095 1593 1203 1676 qui
1244 1591 1551 1658 ridiculus
1591 1592 1804 1656 minus
1845 1591 2004 1656 illo?

243 1677 351 1740 An
379 1676 818 1761 quodcumque
846 1676 1003 1742 facit
1022 1676 1378 1760 MaecenaS,
1407 1680 1473 1742 te
1495 1697 1744 1761 quoque
1763 1680 2047 1741 verumst

245 1758 520 1826 Tantum
562 1761 935 1825 dissimilem
979 1764 1044 1825 et
1083 1763 1264 1826 tanto
1311 1764 1550 1826 certare
1592 1761 1950 1826 minorem?

241 1845 549 1908 Absentis
592 1865 785 1909 ranae
829 1841 1020 1926 pullis
1062 1845 1248 1908 vituli
1289 1845 1450 1926 pede
1492 1845 1726 1927 pressis

242 1927 425 1993 Vnus
469 1927 582 1992 ubi
626 1927 854 2011 effugit
860 1974 880 2010 ,
925 1927 1116 1991 matri
1159 1925 1485 2010 denarrat,
1529 1931 1603 1992 ut
1642 1928 1873 2011 ingens
2071 1942 2171 1993 315

241 2011 442 2076 Belua
486 2014 796 2095 cognatos
840 2010 1110 2076 eliserit:
1154 2011 1269 2076 illa
1309 2032 1568 2097 rogare,
1893 2096 1907 2109 ·

243 2094 2102 2266 ffizffessffioenjufflfflnwbffiggfifflgss

240 2263 325 2329 Se
368 2264 574 2362 magis
628 2264 909 2347 inflaret,
968 2270 1156 2348 ‘non‚
1202 2264 1260 2329 si
1300 2267 1365 2329 te
1406 2265 1678 2348 ruperis’
1722 2265 1958 2349 inquit,

240 2348 391 2413 ‘Par
420 2353 589 2413 ens?
657 2347 835 2413 Haec
864 2370 902 2413 a
943 2349 1007 2412 te
1049 2369 1184 2412 non
1211 2349 1483 2413 multum
1515 2349 1760 2414 abludit
1801 2350 2037 2435 imago.
2069 2361 2169 2413 320

238 2432 428 2497 Adde
455 2435 751 2516 poemata
776 2453 949 2497 nunc
1010 2431 1131 2496 hoc
1161 2435 1289 2517 est,
1332 2433 1543 2497 oleum
1572 2432 1731 2497 adde
1762 2434 2040 2519 camim,

241 2515 420 2591 Quae
468 2517 665 2612 siquis
710 2537 904 2580 sanus
947 2481 1104 2579 facit
1113 2564 1134 2612 2
1182 2518 1248 2580 et
1291 2537 1480 2582 sanus
1523 2516 1719 2582 facies
1762 2520 1851 2582 tu.

235 2598 397 2664 Non
424 2598 566 2664 dlco
588 2597 970 2664 horrendam
989 2598 1267 2665 rablem’.
1284 2600 1444 2665 ‘Iam
1462 2601 1722 2667 desine?
1758 2601 2043 2668 ‘Cultum

234 2683 554 2749 Maiorem
597 2690 834 2749 censu!
910 2682 1209 2768 ‘Teneas,
1252 2683 1516 2749 Damasi
1562 2708 1672 2770 pe,
1716 2686 1845 2750 tuis
1888 2689 1997 2750 te.'

235 2767 445 2833 ‘Mille
486 2768 870 2852 puellarum,
915 2787 1256 2852 puerorum
1298 2770 1476 2833 mille
1546 2776 1811 2833 urores.'
2068 2782 2165 2833 825

234 2850 324 2918 'O
368 2852 571 2918 maior
612 2853 872 2918 tandem
912 2873 1168 2937 parcas,
1213 2853 1466 2935 insane,
1510 2852 1787 2917 minori.’

1056 3174 1356 3185 ———-
