2514 3950
400 159 520 225 182
1144 158 1567 214 sA'rmARvM
1831 174 1834 175 f
2185 159 2332 233 [vn.

518 325 768 421 Nempe
810 323 1281 388 inamarescunt
1324 322 1545 407 epulae
1588 321 1726 386 sine
1767 320 1895 385 fine
1938 321 2207 406 petitae,
2457 286 2463 355 ⁴

519 407 847 492 Inlumque
889 408 1083 492 pedes
1121 407 1423 471 vitiosum
1466 405 1631 471 ferre
1674 408 1973 471 recusant

523 492 788 577 Corpus.
860 493 970 555 An
990 491 1097 556 hic
1116 493 1369 575 peccat,
1401 490 1518 555 sub
1538 492 1796 555 noctem
1825 489 1933 573 qui
2003 510 2119 555 uer
2139 511 2330 556 uvam

402 591 496 641 110
523 577 784 642 Furtiva
824 578 1031 641 mutat
1072 575 1336 660 strigili:
1424 574 1490 637 ui
1532 572 1792 658 praedia
1832 594 1958 638 ven
2006 573 2079 656 ‘t,

519 662 636 729 Nil
664 661 889 727 servile
917 660 1105 745 gulae
1137 679 1370 743 parens
1446 657 1637 723 abet?
1696 656 1913 741 Adde,
1958 657 2130 741 quod
2159 657 2332 723 idem

520 747 585 813 N
589 767 674 810 on
716 744 941 809 horam
984 746 1196 809 tecum
1239 764 1377 808 esse
1420 745 1635 827 potes,
1679 761 1812 806 non
1857 741 1987 806 otia
2029 745 2203 807 recte

521 831 794 911 Ponere,
837 831 1027 912 teque
1069 828 1279 912 ipsum
1321 826 1484 892 vitas
1525 826 1836 912 fugitivus
1881 828 1948 890 et
1987 846 2160 909 erre,

520 913 658 978 Iam
702 912 852 976 vino
895 933 1233 996 quaerens,
1279 910 1405 976 iam
1455 930 1679 975 somno
1723 909 1946 974 fallere
1988 930 2247 995 curam3

400 1011 495 1061 115
524 997 817 1062 Frustra:
892 1017 1044 1061 nam
1119 1016 1333 1061 comes
1398 997 1536 1059 atra
1609 994 1844 1142 premit
1916 993 2335 1079 sequiturque

524 1165 732 1232 ‹Vnde
773 1164 932 1230 mihi
972 1163 1318 1248 lapidem?'
1382 1162 1788 1268 ‘Quorsumst
1805 1099 2056 1280 3¹1¹)qu
2120 1161 2336 1228 ‘Vnde

525 1337 683 1433 Ἀἰιὺ
709 1334 950 1432 insanit
976 1334 1169 1398 homo
1202 1335 1314 1398 aut
1340 1353 1559 1397 versus
1587 1245 2052 1428 fffiffiffcius
2081 1330 2242 1397 hinc
2272 1335 2338 1397 te

523 1419 587 1486 Ν
588 1442 611 1483 1
652 1440 826 1504 rapis
838 1467 857 1502 ,
910 1418 1170 1484 accedes
1216 1438 1412 1502 opera
1454 1436 1609 1500 agro
1652 1435 1827 1480 nona
1869 1413 2158 1480 Sabino?

525 1840 638 1906 ‘Vt
677 1837 1011 1906 Nasidieni
1054 1837 1215 1903 iuvit
1254 1840 1323 1902 te
1367 1858 1525 1902 cena
1565 1835 1780 1901 beati?

523 1924 589 1991 N
589 1946 693 1990 am
734 1923 894 1989 mihi
939 1922 1270 2008 quaerenti
1314 1922 1646 1989 convivam
1690 1921 1895 1986 dictus
1937 1919 2089 1986 here
2132 1920 2277 1987 illic

522 2009 623 2075 De
665 2010 873 2075 medio
917 2011 1139 2093 potare
1183 2006 1329 2071 die.'
1418 2006 1577 2089 ‘Sic‚
1622 2008 1695 2070 ut
1735 2004 1895 2070 mihi
1937 2026 2301 2089 numquam

522 2094 603 2159 In
640 2095 773 2158 vita
814 2092 1010 2157 fuerit
1050 2090 1319 2156 melius?
1406 2088 1559 2174 ‘Da,
1604 2090 1660 2154 si
1702 2110 1895 2174 grave
1935 2109 2071 2153 non
2114 2093 2253 2173 est,

453 2194 487 2242 5
531 2178 706 2254 Quae
749 2178 958 2260 prima
998 2176 1232 2239 iratum
1273 2178 1561 2240 ventrem
1602 2173 1949 2258 placaverit
1992 2182 2190 2237 esca.’

524 2261 631 2326 ‘In
672 2260 896 2345 primis
940 2258 1235 2326 Lucanus
1298 2280 1453 2343 aper
1508 2258 1640 2323 leni
1681 2258 1804 2322 fuit
1844 2258 2085 2322 Austro

525 2344 766 2429 Captus
778 2394 796 2430 ,
838 2345 913 2410 ut
955 2343 1165 2409 aiebat
1207 2362 1401 2408 cenae
1450 2347 1664 2427 pater:
1708 2342 1878 2407 acria
1920 2341 2163 2406 circum

522 2428 772 2512 Rapula
783 2478 801 2511 ,
845 2429 1156 2512 lactucae,
1198 2427 1474 2510 radices,
1519 2426 1734 2511 qualia
1771 2426 2012 2490 lassum

522 2512 893 2577 Pervellunt
935 2511 1364 2595 stomachum,
1410 2512 1596 2595 siser,
1643 2511 1834 2594 allec,
1880 2510 2131 2574 faecula
2178 2508 2351 2577 Coa.

430 2611 494 2660 10
520 2596 642 2661 His
685 2595 797 2660 ubi
840 2596 1106 2660 sublatis
1148 2616 1310 2679 puer
1351 2596 1477 2661 alte
1523 2596 1766 2661 cinctus
1809 2614 2104 2659 acernam

525 2679 820 2765 Gausape
861 2700 1178 2764 purpureo
1221 2700 1508 2744 mensam
1549 2679 1877 2764 pertersit,
1924 2680 1988 2743 et
2030 2678 2198 2742 alter

526 2764 818 2850 Sublegit
859 2763 1175 2849 quodcum
1218 2785 1299 2828 ue
1340 2764 1577 2830 iaceret
1616 2763 1843 2827 inutile
1885 2761 2184 2846 quodque
2257 2779 2262 2784 ·

523 2849 752 2915 Posset
794 2852 1094 2915 cenantes
1138 2870 1177 2913 o
1228 2848 1459 2914 endere
1473 2874 1488 2889 ·
1533 2850 1608 2912 ut
1647 2848 1866 2912 Attica
1905 2846 2087 2931 virgo

524 2932 689 2999 Cum
734 2935 931 2998 sacris
976 2932 1223 3000 Cereris
1266 2899 1556 3017 procedit
1595 2932 1813 2998 fuscus
1855 2930 2239 3014 Hydaspes,

429 3030 493 3080 15
523 3016 816 3083 Caecuba
856 3017 1008 3081 vina
1048 3017 1291 3101 ferens,
1335 3017 1549 3081 Alcon
1568 3015 1801 3082 Chium
1843 3014 2037 3079 maris
2081 3032 2354 3098 expers.

522 3101 650 3166 Hic
694 3121 836 3165 erus
879 3100 1226 3167 ‘Albanum
1235 3150 1254 3185 ‚
1298 3101 1636 3166 Maecenas
1646 3149 1667 3184 ‚
1712 3101 1843 3165 sive
1886 3097 2244 3163 Falernum

523 3185 615 3249 Te
643 3185 851 3270 magis
897 3184 1213 3270 adpositis.
1247 3186 1550 3250 delectat:
1594 3184 1900 3249 habemus
1942 3185 2356 3266 utrumque?

525 3268 822 3333 ‘Divitias
865 3270 1155 3335 miseras!
1223 3268 1351 3334 Sed
1393 3270 1535 3352 quis
1581 3267 1954 3334 cenantibus
1997 3287 2161 3350 una,

523 3352 847 3438 Fundani,
891 3353 1154 3437 pulchre
1195 3353 1390 3417 fuerit
1429 3352 1579 3437 tibi,
1625 3367 1817 3417 nosse
1861 3350 2129 3416 laboro?

429 3449 497 3498 20
527 3436 845 3502 ‘Summus
867 3458 987 3521 ego
1010 3440 1076 3501 et
1101 3456 1302 3521 prope
1322 3457 1425 3502 me
1445 3436 1676 3502 Viscus
1700 3435 2021 3503 Thurinus
2046 3437 2112 3501 et
2141 3435 2359 3520 infra,

372 3727 435 3768 ’κ
