2514 3950
171 187 229 260 1.]
928 185 1142 239 mez
1183 185 1253 243 11.
1943 178 2068 245 217

173 347 252 413 Vt
287 346 439 410 nihil
483 345 823 428 anteferat,
868 345 1031 410 nihil
1073 347 1201 411 illis
1244 350 1576 430 conparet:
1622 350 1815 433 errat3
2003 359 2068 409 65

171 430 234 496 Si
272 431 566 513 quaedam
607 430 798 493 nimis
844 430 1133 514 antique,
1179 431 1235 494 si
1277 431 1578 515 pleraque
1623 431 1775 496 dure

168 515 373 579 Dicere
416 514 617 578 credit
659 535 767 579 eos
778 561 797 596 ,
849 514 863 527 '
960 536 1075 580 ave
1117 515 1322 579 multa
1362 515 1632 597 fatetur,

166 597 247 664 Et
286 598 443 682 sapit
486 600 551 663 et
588 619 838 663 mecum
907 599 1032 663 acit
1075 601 1141 663 et
1180 597 1333 663 Iove
1376 599 1614 663 iudicat
1656 620 1877 683 aequo.

164 682 303 747 Non
342 682 629 766 equidem
671 682 952 746 insector
994 682 1340 748 delendave
1384 683 1667 748 carmina
1707 683 1850 748 Livi

161 766 309 831 Esse
346 787 515 850 reor,
561 766 824 831 memini
909 788 1029 832 uae
1071 768 1411 853 plagosum
1452 767 1614 832 mihi
1653 788 1852 851 parvo
2003 779 2070 829 ⁷0

162 850 454 916 Orbilium
500 850 766 935 dictare;
812 872 879 915 se
968 852 1302 916 emendata
1342 852 1545 917 videri

157 934 538 1017 Pulchraque
584 937 650 1000 et
692 935 929 999 exactis
973 936 1312 1002 minimum
1355 935 1662 1000 distantia
1702 936 1919 1000 miror.

156 1018 323 1082 Inter
362 1039 520 1100 quae
564 1018 828 1081 verbum
872 1018 1131 1082 emicuit
1174 1020 1230 1083 si
1270 1020 1437 1083 forte
1482 1020 1804 1103 decorum,

157 1101 222 1166 Si
262 1122 473 1165 versus
515 1101 729 1183 paullo
777 1101 1149 1166 concinnior
1189 1124 1354 1166 unus
1398 1104 1465 1166 et
1506 1103 1692 1168 altert

154 1184 387 1248 Iniuste
428 1186 638 1249 totum
682 1183 857 1248 ducit
898 1184 1239 1269 venditque
1281 1207 1527 1269 poema.
2001 1198 2067 1249 ⁷5

154 1267 455 1352 Indignor
499 1268 835 1415 quicqluam
875 1267 1287 1353 reprehendi,
1331 1291 1466 1335 non
1509 1269 1660 1353 quia
1703 1290 1910 1333 crasse

153 1351 567 1435 Conpositum
608 1352 679 1417 in
705 1352 963 1436 epideve
1006 1356 1292 1437 putetur,
1338 1353 1450 1418 sed
1495 1354 1642 1437 quia
1682 1374 1915 1437 nuper,

148 1435 283 1502 Nec
302 1436 552 1501 veniam
576 1436 873 1520 antiquis,
896 1437 1008 1502 sed
1029 1436 1341 1502 honorem
1363 1440 1427 1502 et
1447 1437 1731 1521 praemia
1796 1437 1952 1502 osci.

147 1520 340 1584 Recte
382 1540 584 1585 necne
629 1541 885 1586 crocum
925 1521 1238 1605 floresque
1281 1521 1679 1605 perambulet
1781 1523 1915 1585 ttae

144 1604 385 1669 Fabula
426 1605 482 1671 si
526 1605 838 1689 dubitem,
884 1606 1162 1671 clament
1200 1607 1466 1690 periisse
1509 1605 1818 1690 pudorem
2002 1616 2072 1667 80

146 1687 372 1755 Cuncti
410 1711 613 1773 paene
655 1693 868 1774 patres
880 1738 899 1772 ,
946 1712 1022 1755 ea
1052 1712 1196 1755 cum
1228 1690 1690 1775 reprehendere
1720 1710 1940 1773 coner,

143 1772 317 1848 Quae
359 1774 573 1870 gravis
616 1774 939 1857 Aesopus,
986 1796 1146 1857 quae
1191 1774 1414 1840 doctus
1457 1775 1729 1840 Roscius
1772 1774 1940 1858 egita

139 1856 262 1921 Vel
292 1878 439 1939 quia
466 1857 562 1920 nil
589 1861 855 1938 rectum,
884 1858 1012 1921 nisi
1042 1858 1212 1940 quod
1239 1858 1482 1939 placuit
1509 1858 1652 1941 sibi,
1682 1857 1941 1941 ducunt,

138 1939 262 2005 Vel
348 1941 455 2004 uia
495 1942 681 2024 turpe
724 1942 955 2024 putant
994 1961 1217 2024 parere
1244 1940 1629 2024 minoribus,
1675 1943 1740 2006 et
1783 1961 1942 2024 quae

137 2022 333 2088 Inber
377 2024 401 2087 i
445 2022 750 2108 didicere,
796 2045 977 2089 senes
1020 2025 1345 2108 perdenda
1386 2025 1590 2090 fateri.
1997 2036 2066 2087 85

135 2107 277 2171 Iam
323 2105 564 2172 Saliare
606 2107 860 2174 Numae
904 2129 1162 2174 carmen
1205 2110 1317 2192 qui
1357 2109 1575 2173 laudat
1618 2111 1684 2173 et
1723 2108 1915 2192 illud,

136 2190 326 2266 Quod
369 2213 620 2256 mecum
662 2191 686 2256 i
780 2195 948 2276 orat,
994 2193 1167 2258 solus
1210 2195 1349 2259 volt
1390 2193 1551 2258 scire
1594 2193 1824 2277 videri,

130 2274 428 2360 Ingeniis
469 2297 604 2343 non
653 2276 664 2290 ⁸
720 2297 754 2342 e
796 2276 970 2342 favet
1009 2277 1381 2362 plauditque
1426 2278 1691 2363 sepultis
1704 2326 1723 2361 ,

128 2358 383 2424 Nostra
426 2360 538 2424 sed
580 2359 927 2445 inpugnat,
971 2383 1092 2426 nos
1133 2366 1479 2446 nostraque
1522 2361 1753 2426 lividus
1798 2361 1953 2426 odit.

130 2442 324 2518 Quod
369 2444 426 2509 si
468 2447 602 2508 tam
668 2446 881 2511 Graiis
951 2446 1201 2510 novitas
1244 2447 1451 2510 invisa
1492 2445 1720 2511 fuisset
2001 2458 2073 2508 90

128 2526 345 2603 Quam
398 2528 618 2611 nobis,
682 2527 836 2611 quid
887 2549 1059 2593 nunc
1112 2531 1283 2594 esset
1334 2529 1561 2680 xps?
1627 2533 1745 2604 aut⁴
1791 2530 1944 2614 quid

1482 2616 1618 2680 eret

122 2695 321 2771 Quod
372 2696 616 2780 legeret
658 2698 1012 2780 tereretque
1054 2698 1294 2763 viritim
1336 2662 1646 2782 publicus,
1673 2696 1869 2762 usus?

117 2779 215 2845 Vt
259 2780 551 2864 primum
591 2780 818 2864 positis
861 2783 1090 2866 nugari
1135 2782 1405 2848 Graecia
1445 2781 1633 2846 bellis

114 2864 369 2948 Coepit
412 2867 478 2930 et
520 2864 591 2928 in
619 2865 847 2930 vitium
889 2865 1146 2930 fortuna
1188 2866 1391 2929 labier
1418 2884 1620 2947 aequa
1638 2911 1657 2945 ,

107 2949 319 3014 Nunc
370 2948 757 3013 athletarum
800 2948 1025 3013 studiis
1068 2969 1241 3013 nunc
1285 2948 1443 3012 arsit
1485 2967 1820 3030 equorum,
2005 2960 2069 3010 95

106 3032 475 3097 Marmoris
520 3035 631 3097 aut
674 3033 884 3105 eboris
926 3032 1143 3097 fabros
1188 3034 1299 3096 aut
1341 3032 1504 3096 aeris
1550 3031 1815 3114 amavit,

108 3114 484 3198 Suspendit
525 3117 699 3213 picta
740 3115 986 3180 voltum
1026 3118 1431 3200 mentemque
1473 3116 1738 3197 tabella,

103 3198 322 3263 Nunc
370 3200 742 3265 tibicmibus
755 3248 773 3283 ,
820 3220 993 3265 nunc
1037 3202 1135 3264 est
1222 3201 1399 3265 avisa
1438 3202 1500 3264 tr
1588 3199 1795 3283 oedis3

104 3281 255 3347 Sub
307 3284 564 3347 nutrice
607 3283 822 3369 puella
865 3284 1039 3349 velut
1082 3284 1137 3348 si
1203 3284 1427 3350 uderet
1472 3285 1486 3299 ‘
1566 3304 1712 3367 ans,

102 3365 321 3442 Quod
374 3366 598 3449 cupide
687 3368 827 3432 etiit
837 3416 856 3452 ‚
902 3371 1150 3432 mature
1192 3369 1384 3452 plena
1424 3368 1700 3452 reliquit.
1974 3369 2108 3430 100‘

97 3449 265 3515 Hoc
313 3470 513 3534 paces
554 3391 832 3518 habuere
875 3452 1083 3518 bonae
1126 3453 1426 3538 ventique
1470 3451 1751 3519 secundi.
