2514 3950
385 159 511 225 184
959 160 1386 218 sATmARVM
1426 159 1644 216 LIBER
1684 158 1757 219 11.
2124 161 2325 238 [vm]
2453 53 2461 195 l

512 325 713 391 Filius
756 325 1111 389 inmaturus
1157 323 1424 406 obisset,
1468 322 1637 390 flere.
1728 322 1884 399 Quis
1929 325 2100 389 esset
2455 226 2461 401 l

370 425 453 475 oo
511 409 719 493 Finis,
763 409 834 473 m'
880 407 1134 492 sapiens
1180 407 1273 472 sic
1314 405 1763 472 Nomentanus
1809 410 2083 473 amicum

512 493 823 558 Tolleret:
870 493 1047 576 ‘heu‚
1092 490 1407 574 Fortuna,
1496 491 1596 556 uis
1631 494 1730 556 est
1758 492 2072 556 crudelior
2099 493 2175 557 in
2203 515 2330 561 nos

513 577 604 643 Te
649 577 847 642 deus‘?
914 576 1005 643 Vt
1048 596 1297 660 semper
1339 597 1465 661 gau
1512 597 1579 640 es
1622 575 1909 661 inludere
1949 576 2141 641 rebus

512 662 828 728 Humanis
844 663 883 726 l’
951 659 1182 726 Varius
1225 680 1464 745 mappa
1508 681 1887 745 conpescere
1928 661 2130 726 risum

512 747 641 813 Vix
681 747 951 830 poterat.
1037 743 1296 809 Balatro
1342 766 1448 810 sus
1496 745 1733 810 endens
1778 746 1994 811 omnia
2034 766 2200 811 naso

387 845 454 895 65
517 830 718 895 ‘Haec
762 831 861 893 est
903 828 1191 894 condicio
1233 829 1425 894 viven
1473 830 1513 866 '⁹
1560 829 1795 914 aiebat,
1842 835 2066 914 ‘eoque

512 915 926 998 Responsura
964 916 1077 978 tuo
1119 916 1532 997 numquamst
1572 935 1688 999 par
1730 915 1901 979 fama
1943 914 2174 980 labori.

516 998 721 1081 Tene,
765 1000 838 1062 ut
880 1018 999 1084 ego
1045 997 1320 1083 accipiar
1362 998 1562 1084 laute,
1606 998 1960 1083 torquerier
2001 999 2189 1064 omni

518 1082 961 1148 Sollicitudine
1006 1082 1393 1166 disti-iem,
1437 1104 1521 1148 ne
1562 1084 1747 1167 panis
1789 1082 2078 1166 adustus,

515 1167 616 1234 Ne
660 1169 828 1232 male
873 1166 1200 1232 conditum
1242 1167 1341 1232 ius
1386 1167 1744 1251 adponatur
1753 1217 1773 1251 ,
1815 1169 1890 1232 ut
1932 1188 2158 1232 omnes

388 1266 457 1315 ’το
520 1251 877 1317 Praecincti
919 1253 1089 1316 recte
1133 1252 1316 1335 pueri
1360 1253 1600 1336 compti
1643 1274 1721 1317 ue
1764 1251 2179 1316 ministrent?
2314 1284 2328 1295 ·

517 1336 703 1401 Adde
744 1335 865 1401 hos
907 1337 1237 1420 praeterea
1281 1355 1496 1419 casus,
1541 1357 1621 1401 au
1648 1357 1763 1400 aea
1803 1339 1994 1401 ruant
2036 1336 2120 1418 si,

517 1420 610 1486 Vt
649 1419 872 1518 modo}
919 1420 975 1484 si
1014 1420 1305 1504 patinam
1392 1421 1506 1485 ede
1551 1420 1765 1506 lapsus
1808 1421 2068 1505 frangat
2105 1441 2338 1506 agasO.

518 1503 644 1571 Sed
690 1505 1117 1570 convlvatoris
1131 1553 1146 1580 ,
1190 1505 1287 1568 uti
1374 1505 1507 1570 ucis
1520 1553 1538 1589 ,
1583 1505 1915 1590 ingenium
1957 1525 2058 1568 res

517 1586 841 1652 Advorsae
883 1587 1123 1653 nudare
1169 1589 1407 1671 solent,
1464 1589 1666 1653 celare
1711 1588 2068 1654 secundae?

390 1686 456 1735 ⁷5
524 1670 909 1737 Nasidienus
941 1671 1022 1736 ad
1048 1670 1236 1737 haec:
1269 1671 1413 1736 ‘tibi
1444 1672 1544 1757 di,
1570 1693 1997 1757 quaecumque
2025 1675 2349 1760 preceris,

520 1755 873 1821 Commoda
894 1755 1076 1821 dent:
1105 1755 1197 1821 ita
1224 1756 1323 1820 vir
1350 1757 1557 1822 bonus
1588 1778 1655 1822 es
1680 1757 2066 1841 convivaque
2093 1761 2346 1839 comis'3

519 1838 610 1905 Et
652 1839 856 1904 soleas
898 1841 1126 1925 poscit.
1215 1839 1379 1906 Tum
1422 1841 1494 1906 in
1535 1841 1701 1906 lecto
1746 1861 1995 1926 quoque
2038 1841 2305 1907 videres

523 1923 803 1990 Stridere
847 1928 1092 1991 secreta
1134 1925 1374 1991 divisos
1419 1946 1568 1992 aure
1613 1931 1946 1991 susurros.’

440 2003 444 2007 ’
522 2009 776 2075 ‘Nullos
818 2009 919 2074 his
962 2010 1222 2074 mallem
1266 2009 1449 2074 ludos
1493 2013 1844 2095 spectasse3
1891 2010 2002 2075 sed
2044 2010 2165 2075 illa

389 2107 460 2157 80
524 2093 772 2177 Redde,
818 2115 965 2180 age,
1013 2114 1171 2178 quae
1201 2094 1501 2178 deinceps
1529 2095 1773 2160 risisti.’
1826 2093 2148 2160 ‘Vibidius
2183 2095 2351 2161 dum

521 2176 783 2253 Quaerit
812 2176 888 2241 de
917 2179 1160 2261 pueris,
1203 2199 1359 2242 num
1390 2180 1475 2242 sit
1504 2200 1753 2264 quoque
1786 2179 1990 2243 fracta
2032 2179 2352 2264 lagoena,

522 2259 707 2336 Quod
751 2260 873 2325 sibi
915 2261 1207 2345 poscenti
1248 2282 1383 2326 non
1426 2261 1658 2327 dantur
1700 2264 1959 2348 pocula,
2006 2262 2311 2348 dumque

519 2343 788 2409 Ridetur
829 2345 995 2411 fictis
1037 2365 1249 2410 rerum
1292 2340 1637 2412 Balatrone
1682 2347 1957 2413 secundo
1969 2395 1987 2429 ‚

520 2428 585 2494 N
588 2427 868 2494 asidiene
881 2480 899 2513 ,
945 2430 1115 2494 redis
1156 2432 1438 2496 mutatae
1481 2431 1741 2515 frontis,
1786 2434 1860 2496 ut
1902 2434 2035 2495 arte

391 2526 460 2576 85
522 2510 993 2579 Emendaturus
1035 2514 1389 2601 fortunam3
1438 2513 1664 2581 deinde
1710 2516 1908 2580 secuti

521 2595 903 2661 Mazonomo
947 2599 1127 2681 pueri
1169 2620 1407 2685 magno
1454 2599 1770 2685 discerpta
1810 2600 2088 2664 ferentes

521 2679 812 2746 Membra
852 2682 1030 2768 gruis
1071 2683 1277 2781 sparsi
1320 2684 1452 2748 sale
1495 2684 1727 2767 multo,
1771 2705 1906 2749 non
1949 2684 2087 2748 sine
2131 2684 2367 2771 farre,

520 2766 644 2830 Pin
692 2764 878 2832 uibus
922 2770 988 2832 et
1027 2768 1166 2833 ficis
1209 2771 1465 2852 pastum
1507 2768 1679 2833 iecur
1722 2768 1963 2833 anseris
2008 2767 2233 2851 albae,

521 2850 611 2915 Et
679 2870 941 2934 eporum
985 2853 1266 2936 avulsos,
1311 2855 1385 2918 ut
1425 2853 1628 2917 multo
1673 2854 1956 2935 suavius,
2002 2873 2224 2916 armos
2242 2903 2266 2937 ,

389 2946 463 2995 90
528 2933 731 3010 Quam
755 2936 809 2999 si
832 2956 977 3000 cum
997 2937 1232 3001 lumbis
1265 2936 1404 3020 quis
1428 2937 1577 3002 edit.
1622 2936 1786 3001 Tum
1815 2940 2071 3022 pectore
2100 2936 2371 3004 adusto

521 3018 816 3084 Vidimus
847 3022 913 3083 et
952 3022 1227 3085 merulas
1271 3021 1425 3105 poni
1458 3023 1523 3086 et
1566 3021 1704 3086 sine
1749 3021 1933 3086 clune
1976 3020 2375 3106 palumbae,

525 3100 761 3167 Suaves
803 3123 934 3185 reS,
983 3104 1038 3168 si
1080 3126 1214 3170 non
1259 3126 1481 3170 causas
1523 3108 1813 3170 narraret
1857 3125 2073 3169 earum
2118 3108 2193 3168 et

522 3184 587 3252 N
591 3188 802 3251 aturas
847 3186 1169 3272 dominus,
1216 3209 1405 3272 quem
1446 3209 1568 3254 nos
1614 3189 1706 3254 sic
1747 3189 2030 3274 fugimus
2075 3189 2248 3273 ulti,

524 3269 618 3335 Vt
657 3270 819 3335 nihil
864 3272 1123 3336 omnino
1169 3276 1601 3357 gustaremus,
1646 3272 1823 3337 velut
1863 3272 1991 3337 illis

395 3366 463 3414 95
529 3352 800 3420 Canidia
844 3355 1141 3420 adflasset
1184 3356 1364 3439 peior
1408 3357 1806 3441 serpentibus
1849 3356 2075 3420 Afris!
