2514 3950
287 171 408 236 108
1103 176 1398 234 EPODON

283 351 348 400 65
495 338 873 422 Positosque
914 360 1141 404 vernas
1151 387 1171 423 ,
1216 339 1366 404 ditis
1411 361 1675 407 examen
1720 341 1974 427 domus,

588 421 841 489 Circum
884 423 1244 488 renidentes
1286 423 1522 489 Lares?

491 507 670 573 Haec
712 509 824 572 ubi
867 508 1115 573 locutus
1158 508 1480 573 fenerator
1522 510 1758 596 Alfius,

585 592 725 657 Iam
767 593 897 657 iam
939 593 1190 656 futurus
1231 593 1505 658 rusticus
1518 643 1538 677 ,

497 677 769 742 Omnem
809 677 1057 762 redegit
1097 676 1317 742 Idibus
1360 679 1731 764 pecuniam,

282 772 351 822 ἰο
592 760 856 836 Quaerit
891 757 1201 826 Kalendis
1245 782 1504 845 ponere.

1181 1103 1311 1179 ΠΙ.

494 1235 783 1301 Parentis
826 1236 981 1301 olim
1024 1236 1222 1320 siquis
1266 1235 1444 1320 inpia
1484 1257 1680 1300 manu

589 1319 801 1387 Senile
842 1323 1064 1419 guttur
1104 1319 1398 1406 fregerit,

494 1404 649 1470 Edit
691 1406 913 1471 cicutis
957 1405 1177 1469 allium
1215 1405 1568 1470 nocentius.

590 1489 642 1554 O
689 1490 846 1554 dura
887 1510 1239 1577 messorum
1281 1490 1419 1555 ilia!

278 1584 351 1665 ὅΙ
498 1573 663 1649 Quid
704 1573 829 1638 hoc
871 1573 1101 1638 veneni
1145 1574 1348 1638 saevit
1388 1574 1459 1637 in
1498 1574 1927 1658 praecordiis?

586 1657 762 1724 Num
803 1657 1125 1740 viperinus
1168 1657 1271 1723 his
1317 1679 1501 1723 cruor

494 1742 792 1806 Incoctus
836 1740 1050 1806 herbis
1094 1764 1196 1807 me
1238 1741 1515 1808 fefellit?
1575 1764 1660 1807 an
1702 1742 1902 1807 malas

590 1824 860 1891 Canidia
901 1827 1202 1892 tractavit
1243 1826 1485 1912 dapes?

493 1909 584 1975 Vt
623 1910 719 1974 Ar
766 1913 1034 1978 onautas
1077 1914 1330 1996 praeter
1373 1932 1594 1977 omnes
1638 1909 1978 1978 candidum

602 1932 830 2063 Meffea
870 1998 1163 2062 miratast
1204 1996 1458 2081 ducem,

493 2079 729 2166 Ignota
769 2082 969 2146 tauris
1012 2081 1431 2166 inligaturum
1472 2081 1625 2167 iuga

586 2164 895 2229 Perunxit
933 2164 1058 2229 hoc
1098 2164 1423 2251 Iasonem3

494 2248 636 2313 Hoc
681 2247 978 2312 delibutis
1023 2249 1158 2314 ulta
1200 2249 1385 2315 donis
1424 2245 1753 2331 paelicem,

589 2331 893 2416 Serpente
933 2332 1105 2419 fugit
1147 2334 1317 2399 alite.

286 2428 349 2478 15
497 2416 637 2482 Nec
677 2418 896 2482 tantus
923 2439 1227 2502 umquam
1255 2418 1533 2482 siderum
1575 2416 1812 2481 insedit
1839 2438 2038 2501 vapor

589 2499 962 2566 Siticulosae
1004 2503 1310 2586 Apuliae,

492 2589 623 2650 Nec
666 2606 895 2650 munus
937 2585 1172 2650 umeris
1217 2584 1494 2650 efficacis
1537 2585 1830 2651 Herculis

586 2667 824 2734 Inarsit
865 2670 1237 2734 aestuosius.

493 2754 584 2817 At
626 2754 833 2838 siquid
876 2775 1177 2838 umquam
1217 2754 1348 2819 tale
1392 2753 1857 2838 concupiveris,

283 2851 351 2900 20
587 2837 809 2903 Iocose
850 2838 1214 2924 Maecenas,
1257 2859 1512 2924 precor,

493 2921 758 2986 Manum
798 2922 1012 3007 puella
1054 2923 1229 2988 savio
1276 2924 1562 3072 opponat
1602 2924 1748 3007 tuo,

586 3005 888 3071 Extrema
931 3009 997 3071 et
1036 3007 1106 3071 i‘n
1151 3029 1315 3091 spon
1358 3029 1397 3071 a
1439 3005 1645 3071 cubet.

286 2008 351 2057 10
