2514 3950
370 167 570 222 LXXII
869 169 966 224 DE
1002 169 1277 240 METRIS
1313 169 1783 227 HORATIANIS.

370 316 597 375 caicum
634 319 697 376 et
733 318 1024 393 quaedam
1061 318 1438 394 asclepiadea
1471 319 1701 379 nullam
1743 318 1977 377 omnino
2016 318 2286 378 habuere

374 405 675 481 notitiam,
722 425 902 481 quam
935 409 1075 482 post
1109 425 1265 467 xv111
1298 407 1485 465 ferme
1521 407 1759 465 saecula
1795 407 2287 483 redintegrarunt

374 492 705 552 Meinekius
759 496 823 553 et
874 495 1310 553 LachmannuS.
1406 494 1566 554 Nam
1621 512 1731 552 nec
1790 494 1949 568 apud
2006 493 2288 554 Caesium

378 580 631 640 Bassum
685 582 993 658 aequalem
1053 581 1336 655 Neronis,
1400 582 1497 640 cui
1557 581 1863 656 inscripsit
1924 581 2147 640 librum
2209 582 2286 641 de

375 669 598 741 metris,
642 670 908 729 melioris
954 669 1262 728 doctrinae
1308 672 1560 745 apparet
1602 670 1945 745 vestigium.

504 757 597 814 De
643 756 984 816 auctoribus
1028 760 1371 833 metrorum,
1418 774 1565 831 quos
1613 758 1677 815 in
1716 757 1984 816 iambicis
2032 758 2095 815 et
2138 758 2289 833 lyri-

373 843 459 902 cis
497 843 786 918 adhibuit,
821 844 950 918 ipse
985 844 1329 918 plenissime
1367 844 1609 919 exponit
1634 844 1698 903 in
1724 844 1985 919 epistula
2020 843 2097 904 ad
2125 845 2289 904 Mae-

374 934 642 989 cenatem
691 927 768 1008 [1,
819 935 918 1005 19,
967 933 1049 991 23
1099 928 1280 1017 sqq.]:

1115 1061 1311 1117 Parios
1349 1079 1453 1132 ego
1490 1062 1701 1132 primus
1738 1062 1954 1116 iambos

519 1131 740 1187 ostendi
776 1131 964 1202 Latio,
1003 1150 1263 1188 numeros
1299 1133 1623 1200 animosque
1661 1134 1881 1187 secutus

517 1202 863 1272 Archilochi,
899 1220 1014 1258 non
1050 1220 1137 1258 res
1175 1205 1233 1258 et
1268 1203 1498 1273 agentia
1531 1203 1703 1258 verba
1736 1201 2069 1270 Lycamben.

517 1289 583 1328 ac
619 1290 688 1327 ne
725 1290 814 1327 me
851 1274 1005 1328 foliis
1042 1274 1170 1327 ideo
1206 1271 1556 1327 brevioribus
1594 1289 1779 1341 ornes,

519 1344 668 1412 quod
704 1343 869 1396 timui
905 1345 1122 1395 mutare
1158 1343 1357 1396 modos
1396 1345 1456 1395 et
1490 1343 1749 1396 carminis
1794 1345 1997 1398 artemt

515 1413 795 1482 temperat
828 1411 1153 1471 Archilochi
1186 1411 1407 1467 Musam
1441 1412 1585 1480 pede
1621 1413 1873 1468 mascula
1908 1413 2165 1484 Sappho,

516 1482 801 1552 temperat
834 1481 1098 1550 Alcaeus,
1137 1481 1236 1536 sed
1270 1483 1440 1548 rebus⁴
1474 1483 1532 1537 et
1567 1483 1760 1553 ordine
1798 1483 2011 1557 dispar,

518 1571 622 1608 nec
660 1569 912 1607 socerum
949 1551 1190 1622 quaerit,
1229 1569 1396 1620 quem
1431 1552 1683 1615 versibus
1721 1546 1938 1608 oblinat
1972 1556 2134 1623 atris,

518 1640 622 1678 nec
659 1639 896 1692 sponsae
932 1623 1196 1690 laqueum
1229 1625 1443 1679 famoso
1482 1624 1723 1679 carmine
1759 1624 1951 1679 nectit.

517 1696 670 1748 hunc
705 1706 811 1764 ego
847 1710 961 1747 non
996 1694 1107 1748 alio
1145 1693 1361 1750 dictum
1395 1695 1549 1764 prius
1587 1710 1681 1749 ore
1717 1694 1949 1750 Latinus

517 1765 750 1834 volgavi
781 1763 1002 1818 fidicen.
1884 1770 1889 1776 “

374 1897 452 1956 In
511 1897 608 1956 his
671 1896 830 1978 quod
889 1897 1255 1972 paenultimo
1311 1917 1492 1958 versu
1552 1899 1780 1987 legitur
1835 1899 1987 1957 hunc
2048 1897 2127 1970 ad
2181 1900 2290 1959 Al-

377 2005 612 2064 caeum,
665 1977 784 2047 non
837 1986 914 2046 ad
963 1986 1389 2064 Archilochum
1446 1988 1747 2064 pertinere
1799 1988 2109 2058 verissime
2162 2008 2288 2062 mo-

376 2076 512 2135 nuit
554 2076 882 2135 BentleiuS.
953 2074 1276 2134 Praeterea
1315 2070 1477 2143 illud
1511 2078 1787 2153 temperat
1821 2075 1924 2133 diu
1959 2076 2288 2151 meditatus

377 2182 498 2223 non
552 2164 669 2222 alio
723 2164 850 2221 fere
903 2161 1077 2220 modo
1133 2165 1313 2243 atque
1365 2162 1524 2230 idem
1578 2157 1809 2236 censuit
1862 2182 2042 2240 posse,
2096 2164 2291 2242 accipi

378 2267 732 2325 persuasum
774 2248 987 2319 habeO,
1031 2251 1100 2305 ut
1146 2249 1226 2307 sit
1262 2247 1487 2306 dictum
1524 2248 1802 2309 similiter
1836 2253 2015 2327 atque
2050 2252 2116 2330 in
2150 2272 2289 2329 epo-

381 2339 473 2398 dis
501 2337 854 2409 desideriqwe
881 2340 1197 2407 temperare
1219 2336 1456 2407 pocula.
1516 2336 1727 2413 Itaque
1762 2338 1873 2398 hoe
1910 2338 2060 2400 dixit
2095 2330 2289 2401 Hora-

378 2427 502 2485 tius
556 2424 864 2483 miscuisse
916 2421 1172 2499 propriis
1225 2421 1615 2483 Aeolensium
1675 2428 1885 2485 metris
1941 2428 2291 2489 Archilochi

380 2514 582 2572 Ionica
625 2510 862 2587 Sappho
908 2513 973 2568 et
1014 2510 1320 2584 Alcaeum,
1366 2509 1439 2569 de
1484 2530 1600 2587 qua
1642 2532 1710 2573 re
1755 2517 1817 2574 et
1861 2515 2098 2575 aliunde
2144 2535 2291 2576 con-

381 2602 519 2661 stat.
584 2600 783 2675 Igitur
817 2595 976 2673 quod
1019 2596 1176 2656 idem
1223 2602 1532 2666 asseverat
1573 2600 1847 2661 timuisse
1893 2621 1958 2662 se
2002 2604 2289 2665 carminis

378 2688 545 2748 Parii
596 2686 803 2747 modos
858 2689 922 2745 et
973 2686 1166 2743 artem
1207 2684 1555 2762 immutare,
1611 2690 1887 2765 equidem
1930 2691 2093 2755 haud
2139 2710 2291 2753 sane

379 2776 756 2853 urguendum
800 2792 930 2834 esse
974 2790 1201 2833 censeo.
1272 2774 1411 2850 Ipse
1456 2777 1673 2853 quippe
1717 2777 1922 2852 paullo
1967 2774 2108 2837 ante
2152 2779 2289 2839 imi-

377 2866 644 2928 tatorum
688 2882 927 2923 servum
970 2880 1179 2937 genus,
1216 2864 1290 2921 ut
1327 2881 1439 2939 par
1483 2868 1627 2938 erat,
1674 2864 1879 2923 irrisit.

512 2950 793 3011 Ceterum
842 2950 1004 3027 quod*
1043 2949 1205 3009 idem
1238 2953 1459 3011 asserit
1502 2971 1539 3010 a
1575 2970 1638 3010 se
1673 2950 2016 3009 Archilochi
2050 2952 2290 3016 iambos

377 3040 703 3099 translatos
739 3039 804 3097 in
838 3038 1097 3112 Latium,
1141 3039 1232 3098 ita
1276 3039 1747 3115 intellegendum
1783 3032 1879 3096 est
1912 3040 1983 3096 ut
2016 3037 2291 3103 dicamus

376 3146 515 3187 eum
567 3128 826 3203 primum
880 3126 1084 3201 epodis
1145 3126 1350 3187 iuncta
1411 3126 1674 3190 carmina
1734 3125 1989 3185 iambica
2043 3129 2292 3203 aptasse

378 3218 622 3290 linguae
676 3216 923 3290 patriae.
1025 3216 1261 3272 Etenim
1327 3218 1600 3273 cantores
1652 3211 2078 3294 Euphorionis,
2132 3235 2291 3291 quos

378 3306 522 3362 dicit
550 3304 801 3376 Tulliu5‚
839 3306 908 3360 ut
943 3306 1091 3376 puta
1129 3304 1419 3374 Catullus,
1456 3301 1732 3377 LaeviUS,
1768 3303 1891 3380 alii,
1926 3304 2104 3381 longe
2140 3306 2293 3367 ante

376 3394 588 3470 ipsum,
618 3392 1047 3452 Alexandrinos
1087 3394 1466 3468 potissimum
1500 3392 1689 3450 secuti
1722 3393 1949 3467 poetaS,
1976 3393 2290 3453 trimetros

39 3625 728 3921 Q
