2514 3950
240 208 349 280 111.]

987 207 1205 263 LIBER
1245 208 1344 264 111.

437 368 579 434 Hac
623 372 758 435 arte
800 370 1031 435 Pollux
1074 373 1138 435 et
1186 391 1387 455 vagus
1430 368 1737 436 Hercules

437 453 674 518 Enisus
719 476 895 520 arces
939 454 1156 540 attigit
1196 455 1449 540 igneas,

532 537 705 615 Quos
749 540 917 604 inter
956 539 1063 603 Au
1155 542 1290 603 stus
1332 539 1708 604 recumbens

629 622 955 708 Purpureo
1000 623 1068 688 bi
1114 626 1179 688 et
1221 645 1331 689 ore
1371 627 1610 688 nectar.

435 791 577 856 Hac
618 794 684 856 te
727 795 1077 857 merentem
1153 791 1408 858 Bacche
1449 794 1660 877 pater,
1704 794 1852 858 tuae

435 874 682 941 Vexere
723 876 923 961 tigres
938 927 957 961 ,
999 842 1264 942 indocili
1307 877 1531 961 iugum

531 958 715 1025 Collo
757 959 1114 1045 trahentes3
1158 960 1281 1025 hac
1325 960 1626 1036 Quirinus

630 1042 859 1106 Martis
905 1043 1082 1126 equis
1126 1043 1496 1109 Acheronta
1536 1045 1733 1130 fugit,

441 1209 709 1275 Gratum
753 1210 1004 1275 elocuta
1048 1210 1532 1276 consiliantibus

438 1294 687 1359 Iunone
730 1294 923 1359 divis:
999 1294 1221 1379 ‘Ilion,
1265 1293 1438 1360 Ilion

529 1377 769 1443 Fatalis
812 1379 1217 1463 incestusque
1260 1378 1450 1444 iudex

628 1462 720 1528 Et
758 1463 988 1528 mulier
1027 1463 1369 1550 peregrina
1409 1465 1601 1530 vertit

436 1614 516 1680 In
556 1580 1036 1700 pulveremffe'it
1079 1637 1204 1700 quo
1250 1571 1541 1681 desstituit
1583 1617 1735 1682 deos

436 1699 730 1765 Mercede
771 1702 963 1785 pacta
1005 1700 1405 1784 Laomedon,
1448 1700 1610 1766 mihi

529 1783 885 1868 Castaeque
929 1785 1296 1850 damnatam
1339 1785 1667 1850 Minervae

631 1867 795 1934 Cum
837 1869 1077 1951 populo
1123 1872 1188 1933 et
1229 1869 1389 1933 duce
1431 1869 1858 1934 fraudulento.

437 2019 576 2083 Iam
618 2039 738 2083 nec
778 2019 1109 2083 Lacaenae
1151 2018 1446 2104 splendet
1487 2019 1812 2084 adulterae

438 2102 748 2167 Famosus
790 2102 1025 2187 hospes
1067 2124 1187 2168 nec
1227 2103 1468 2168 Priami
1513 2103 1738 2168 domus

529 2186 794 2251 Periura
833 2208 1158 2285 pugnaces
1202 2188 1486 2253 Achivos

631 2270 966 2336 Hectore1s
1012 2273 1239 2356 opibus
1283 2272 1611 2358 refringit,

437 2422 818 2507 Nostrisque
862 2424 1122 2489 ductum
1166 2423 1585 2489 seditionibus

438 2506 692 2572 Bellum
732 2508 989 2572 resedit.
1076 2508 1377 2573 Protinus
1423 2511 1488 2573 et
1530 2530 1756 2593 graves

529 2590 668 2656 Iras
713 2594 779 2655 et
819 2592 1097 2656 invisum
1137 2595 1440 2677 nepotem
1453 2641 1473 2676 ‚

632 2674 863 2741 Troica
905 2697 1093 2760 quem
1133 2678 1383 2762 peperit
1425 2676 1749 2761 sacerdos,

437 2825 633 2892 Marti
673 2826 1420 2914 redonabofffillumsego
1464 2827 1709 2893 lucidas

438 2909 611 2976 Inire
654 2912 864 2996 sedes,
909 2912 1138 2977 ducere
1179 2912 1459 2977 nectaris

532 2994 731 3061 Sucos
777 2998 841 3060 et
883 2996 1159 3061 adscribi
1203 2996 1434 3079 quietis

635 3079 981 3144 Ordinibus
1023 3079 1235 3165 patiar
1278 3080 1560 3146 deorum.

439 3229 611 3295 Dum
651 3231 887 3316 longus
930 3231 1098 3296 inter
1142 3232 1386 3297 saeviat
1426 3231 1597 3297 Ilion

440 3312 836 3399 Romamque
879 3317 1146 3400 pontus,
1191 3317 1477 3401 qualibet
1520 3318 1766 3383 exsules

532 3398 612 3462 In
700 3402 836 3465 arte
880 3404 1195 3486 regnanto
1239 3401 1441 3486 beati3

696 3505 806 3547 um
847 3484 1088 3549 Priami
1128 3484 1504 3569 Paridisque
1546 3485 1736 3549 busto

2071 202 2155 268 53

2094 467 2157 516 10

2093 971 2155 1022 15

2090 1477 2159 1527 20

2089 2033 2156 2083 26

2090 2520 2159 2573 30

2090 3009 2158 3059 35

2094 3496 2161 3548 40
