2514 3950
908 205 1473 262 PROLEGOMENA.
1958 200 2133 262 xmx
2199 180 2203 190 ’

355 358 464 430 15,
519 360 586 429 7,
642 358 711 433 8,
771 358 806 415 9
872 358 1011 417 dum
1053 360 1252 431 pecori
1313 358 1485 430 bupus
1538 360 1592 416 et
1643 359 1841 418 nautis
1893 359 2135 430 infestus

221 445 402 506 Orion
447 446 708 504 turbaret
749 445 1050 504 hibernum
1091 462 1273 513 mare,
1318 446 1679 518 intonsosque
1724 464 1772 505 e.
1812 466 1866 521 q.
1904 464 1949 505 s.
2022 444 2131 506 Lo

220 553 323 594 cus
381 533 760 610 desperatae,
814 535 887 592 ut
930 534 1007 592 ab
1056 552 1123 594 eo
1170 534 1520 608 temptando
1569 533 1873 593 abstinere
1917 534 2132 593 melius

220 623 317 683 sit.
399 621 557 680 Nam
600 621 759 697 quod
814 608 1153 698 Madvigius
1208 624 1348 698 post
1397 620 1577 681 Orion
1628 621 1833 697 posuit
1890 641 2134 697 comma,

221 710 445 771 delevit
505 712 644 786 post
703 727 870 770 mare
929 710 1220 788 positum,
1274 712 1345 769 ut
1398 710 1475 769 ad
1527 730 1584 771 v.
1645 713 1681 770 7
1740 710 2137 786 supplendum

221 800 302 859 sit
344 799 496 857 illud
542 803 700 866 esset,
745 798 846 859 vix
889 799 1165 875 cuiquam
1209 800 1528 875 probatum
1572 798 1649 857 iri
1694 798 1985 858 existimo,

359 887 459 963 15,
502 888 602 960 15,
643 888 724 946 16
762 903 865 947 nec
902 888 1072 948 semel
1098 888 1349 960 offensae
1376 888 1529 947 cedet
1552 889 1871 948 constantia
1896 889 2135 961 formae,

223 978 274 1036 si
338 979 525 1034 certus
585 977 824 1035 intrarit
881 977 1056 1035 dolor.
1157 975 1485 1035 Verissime
1551 973 1857 1052 Gogavius
1918 977 2134 1049 offensi.

223 1062 394 1132 Quod
451 1063 594 1122 dicit
638 1063 702 1120 M
746 1083 801 1123 v.
852 1064 931 1122 16
977 1080 1098 1123 ιιοιι
1148 1082 1325 1139 posse
1378 1065 1629 1123 tolerari
1685 1064 1837 1123 illud
1882 1066 2136 1132 intrarit,

224 1150 716 1225 seribendumque
787 1153 1055 1217 intravit,
1129 1154 1199 1210 ut
1262 1152 1439 1210 antea
1512 1151 1739 1210 dictum
1810 1153 2005 1228 siquid
2075 1154 2139 1212 in

224 1240 444 1298 Flacco
487 1240 671 1304 viriet,
717 1241 948 1298 rectum
985 1238 1226 1315 quidem
1271 1242 1382 1313 est,
1428 1237 1533 1297 sed
1572 1239 1676 1312 ita,
1721 1240 1793 1297 ut
1829 1239 2012 1298 etiam
2046 1259 2137 1298 re-

225 1329 483 1404 ponatur
525 1343 807 1402 praesens
854 1327 1013 1387 cedit.
1085 1327 1388 1385 Nimirum
1431 1327 1581 1386 haec
1621 1344 1741 1387 non
1783 1329 2020 1386 tantum
2064 1327 2139 1387 de

224 1435 290 1476 re
344 1416 646 1491 praesenti
707 1415 890 1489 dicta,
957 1415 1065 1475 sed
1123 1415 1485 1476 consuetudo
1551 1419 1717 1477 certa
1779 1433 1849 1475 ac
1904 1390 2137 1475 stabilis

223 1504 461 1564 Horatii
518 1504 607 1562 ita
661 1502 972 1563 indicatur.
1079 1503 1293 1580 Itaque
1350 1507 1487 1623 post
1544 1523 1603 1564 v.
1662 1505 1742 1563 14
1800 1505 2139 1579 ponendum
2189 1502 2218 1515 '

225 1592 546 1653 semicolon
590 1593 688 1652 vel
733 1595 1036 1668 punctum.

362 1682 543 1753 15,1
557 1683 592 1739 7
641 1680 1523 1754 quimmnque’s.1nclinandum
1568 1679 1844 1739 duximus
1889 1681 2139 1740 verbum

170 1836 184 1850 ⁶
223 1769 513 1829 auxih'are
565 1768 727 1848 ideo,
782 1769 940 1845 quod
993 1768 1057 1827 in
1109 1769 1317 1843 lyricis
1370 1769 1513 1829 Hor.
1571 1787 1608 1827 a
1660 1785 1907 1829 caesura
1960 1769 2138 1828 hexa-

223 1856 406 1917 metri
450 1874 729 1932 separare
776 1858 930 1917 solet
974 1857 1298 1916 elisionem.
1380 1857 1539 1915 Nam
1585 1857 1687 1932 qui
1731 1858 1959 1934 legitur
1995 1858 2138 1918 alie-

223 1963 338 2005 nus
383 1944 458 2003 ab
503 1944 616 2004 hac
658 1948 868 2004 norma
907 1962 1117 2005 versus
1159 1963 1207 2005 c.
1246 1963 1299 2021 1,
1351 1947 1418 2021 7,
1469 1947 1549 2003 13
1568 1990 1582 2018 ,
1640 1944 1855 2005 iniecto
1900 1947 2137 2007 nomine

225 2033 464 2108 proprio
512 2033 845 2090 excusatur.

366 2121 466 2194 16,
512 2121 617 2197 41,
663 2120 746 2177 42
805 2136 912 2178 nos
953 2123 1149 2179 memet
1196 2118 1458 2180 Oceawus
1504 2120 1720 2179 circum
1761 2135 1946 2193 vaqus
1990 2138 2139 2181 arva

226 2209 412 2268 beata.
465 2212 738 2281 petamus
771 2203 813 2281 ’ἶ-
849 2225 999 2267 arva
1043 2208 1245 2269 divites
1290 2212 1343 2268 et
1384 2208 1626 2267 imulas,
1699 2208 1795 2267 Ita
1835 2208 1956 2267 iam
1992 2209 2138 2269 haec

227 2295 540 2356 scribenda
585 2296 1010 2370 existimamus,
1061 2299 1132 2355 ut
1175 2297 1516 2372 corruptela
1563 2296 1644 2356 sit
1687 2297 1749 2354 in
1793 2316 2002 2357 versus
2050 2287 2134 2357 42

225 2385 513 2446 vocabulo
569 2385 777 2444 altero,
868 2385 1114 2443 Vitatur
1142 2388 1329 2445 certe
1387 2385 1500 2444 tali
1550 2377 1726 2460 pacto
1780 2385 2138 2445 vocabulum

226 2474 422 2531 malae
459 2476 634 2532 notae
672 2476 1070 2546 circwmvayus
1110 2475 1171 2532 et
1206 2473 1569 2535 constructio
1607 2472 1944 2549 durissima,
1984 2493 2136 2550 quae

226 2561 502 2620 Bentleio
546 2561 792 2637 placuit,
837 2564 1234 2636 cirmmnvayus
1278 2580 1427 2622 arva
1469 2564 1652 2623 beata.

366 2651 472 2723 16,
523 2651 633 2725 61,
683 2651 763 2708 62
820 2652 981 2708 recte
1036 2650 1276 2709 traiecit
1327 2653 1466 2726 post
1512 2652 1592 2709 52
1641 2650 1735 2710 vir
1780 2649 1988 2710 doctus
2037 2652 2137 2710 ob-

226 2755 382 2797 serv.
469 2736 717 2797 miscell.
762 2755 834 2814 11,
885 2733 1038 2814 3813
1085 2739 1156 2800 cf.
1201 2740 1338 2799 lect.
1383 2738 1529 2798 Hor.
1577 2739 1721 2799 701.

364 2828 473 2903 17,
533 2828 611 2883 21
672 2828 1022 2886 υενεανηάαε
1074 2828 1226 2887 color
1280 2828 1512 2900 reliquit
1565 2843 1671 2885 ora
1720 2826 1873 2900 pelle
1926 2829 2137 2887 amiota
2229 2846 2240 2850 ·

227 2914 440 2974 lurida.
531 2913 630 2973 Ita
670 2913 742 2991 B,
785 2933 842 2974 v.
889 2927 1057 2974 ossa,
1982 2959 1990 2967 .

364 3004 463 3077 17,
511 3004 595 3061 42
641 3004 819 3076 vicem
862 3001 932 3076 B,
983 3006 1102 3063 viee
1144 3022 1200 3062 v.

365 3093 466 3166 17,
513 3086 593 3149 81
644 3092 709 3149 in
752 3095 805 3149 te
850 3091 1183 3151 ablativum
1228 3108 1360 3149 esse
1404 3093 1566 3150 recte
1600 3092 1805 3151 monet
1840 3091 2137 3151 Linkerus

229 3180 457 3254 quaest.
487 3178 696 3237 Horat.
717 3178 948 3254 Pragae
985 3196 1038 3237 a.
1071 3180 1238 3239 1877
1272 3178 1567 3239 editarum
1592 3198 1693 3256 pg.
1717 3184 1817 3240 11.
1861 3179 2031 3239 Idem
2049 3183 2136 3239 ta·

224 3285 363 3325 men
405 3267 602 3326 minus
630 3267 782 3325 bene
826 3266 1018 3326 iudice
1057 3268 1357 3343 euphonia
1382 3285 1561 3327 carm.
1596 3286 1746 3329 saec.
1795 3269 1896 3341 51,
1947 3270 1983 3327 2
2006 3286 2139 3326 con-

224 3355 366 3413 iecit
390 3355 765 3414 scribendum
783 3355 1040 3429 impetret
1050 3357 1291 3417 bellante
1298 3358 1487 3429 prior,
1496 3359 1713 3416 iacente
1732 3357 1874 3417 lenis
1889 3358 1954 3415 in
1970 3356 2139 3415 hoste.

362 3441 484 3500 Sat.
512 3461 561 3516 1,
607 3448 659 3516 1,
690 3446 731 3503 4
768 3446 951 3505 armis
985 3447 1167 3523 recte,
1204 3448 1274 3504 ut
1308 3448 1470 3520 puto,
1500 3445 1835 3520 Buhierius,
1874 3447 2048 3504 armis
2082 3463 2138 3504 v.

330 3549 380 3589 Η
381 3558 601 3592 οοοοοοοο
1678 3542 1716 3594 d
