2514 3950
252 261 259 267 .
360 208 512 262 LXII
1029 203 1598 259 PROLEGOMENA.

497 359 692 432 6,11
743 359 997 415 externat
1039 352 1371 426 Iacobsius,
1421 356 1659 412 exterret
1701 370 1757 411 v.

498 447 556 517 6,
605 446 686 503 26
732 447 995 518 porticus
1028 441 1332 517 Aqrippae
1377 446 1429 501 et
1469 444 1571 501 via
1614 445 1667 501 te
1711 441 2062 514 conspexerit
2094 436 2281 514 Appi.

362 532 619 592 Vnicum
671 532 784 593 hoc
837 549 907 592 ae
961 530 1324 606 diphthongi
1385 529 1568 589 elisae
1629 529 1694 587 in
1747 528 2020 604 epistulis
2079 545 2281 587 exem-

361 623 544 697 plum,
592 622 751 696 quod
797 624 1001 680 tamen
1042 619 1218 678 facile
1261 621 1578 677 excusatur
1611 616 1829 676 iniecto
1865 616 2104 676 nomine
2139 635 2280 692 pro-

360 710 509 786 prio.
599 709 759 770 Nam
812 707 972 784 quod
1027 708 1314 766 omissum
1368 708 1465 766 est
1515 706 1578 764 in
1621 705 1921 764 nonnullis
1972 704 2278 765 codicibus

362 799 513 857 illud
559 803 627 865 et,
672 796 821 856 mihi
865 795 1103 871 quidem
1140 795 1492 872 asyndeton,
1536 793 1695 869 quod
1715 794 2104 854 „commendat
2138 793 2275 852 Lin-

362 887 544 945 kerus
581 904 682 961 pg.
715 886 816 958 17,
854 884 1050 945 minus
1085 883 1327 943 videtur
1363 883 1624 958 elegans.
1687 880 1860 941 Adde
1897 882 2056 957 quod
2092 882 2276 941 etiam

362 974 428 1033 in
471 973 601 1031 odis
649 975 712 1031 et
756 972 983 1120 uginore
1033 972 1273 1048 quidem
1322 971 1498 1031 venia
1550 971 1722 1030 semel
1770 970 2075 1030 invenitur
2128 970 2280 1030 elisa

365 1080 434 1121 ac
475 1080 573 1137 111,
618 1056 686 1133 4’,
738 1064 772 1120 7
822 1105 838 1121 .

500 1152 566 1224 6,
613 1151 698 1209 59
746 1167 1122 1225 campumque
1164 1167 1307 1210 vere
1351 1148 1433 1226 Β,
1466 1148 1859 1222 populumque
1902 1167 1957 1207 v.

495 1275 545 1330 1,
602 1259 659 1333 7,
716 1258 783 1333 33
841 1257 925 1315 24
992 1255 1226 1331 spurios
1285 1272 1416 1313 esse
1468 1252 1769 1313 intellexit
1821 1253 1895 1310 A.
1942 1252 2276 1329 Nauekiu83

364 1344 437 1403 cf.
483 1346 618 1403 lect.
663 1344 808 1402 Hor.
859 1345 1013 1415 709,
1064 1345 1163 1402 10.
1202 1372 1286 1382 -
1335 1340 1615 1401 Ceterum
1658 1340 1809 1400 illud
1854 1342 2045 1415 diqm‘s
2087 1361 2141 1401 v.
2189 1343 2274 1400 22

364 1450 484 1491 non
540 1430 837 1506 significat
897 1432 1155 1490 moribus
1204 1433 1627 1504 praestantem,
1691 1429 1795 1489 sed
1854 1434 2098 1503 eqentem
2151 1432 2280 1503 opis

366 1521 606 1579 alienae.
687 1517 844 1577 Nam
887 1517 1005 1577 nisi
1048 1518 1138 1578 ita
1183 1518 1514 1595 explicaris,
1559 1517 1932 1594 ineptissime
1977 1518 2279 1578 adiectum

365 1607 668 1668 videbitur
712 1610 918 1665 tamen.

502 1700 558 1774 7,
607 1696 690 1754 29
744 1694 1003 1754 nitedula
1045 1692 1124 1770 Β,
1169 1694 1259 1767 Μ,
1305 1694 1609 1769 vulpecula
1651 1693 1811 1755 libri.

502 1787 560 1858 7,
608 1783 720 1859 383
769 1785 850 1843 79
910 1781 1142 1858 spurios
1189 1800 1322 1842 esse
1366 1782 1664 1842 intellexit
1711 1783 1781 1841 A.
1818 1782 2152 1861 Nauckius3
2185 1784 2277 1844 cf.

365 1873 499 1932 leet.
529 1871 674 1932 Hor.
715 1873 843 1931 710
881 1889 1007 1948 sqq.
1070 1870 1217 1931 Post
1251 1871 1558 1946 Pln'hppus
1597 1875 1884 1947 punctum·
1917 1872 2280 1947 ponendum.

503 1964 559 2031 7,
599 1963 680 2023 39
726 1959 878 2022 illud
923 1961 1108 2023 laetus
1149 1960 1300 2021 mihi
1342 1961 1583 2038 quidem
1626 1960 1865 2021 videtur
1910 1960 2110 2037 potius
2146 1961 2281 2022 iun-

365 2052 625 2128 gendum
670 2070 805 2112 cum
848 2054 1067 2127 inspice
1119 2071 1300 2128 quam
1346 2070 1479 2112 cum
1525 2051 1612 2110 eis
1657 2067 1811 2126 quae
1857 2053 1997 2109 sunt
2032 2067 2284 2125 possmn

364 2158 650 2214 reponere.

499 2226 608 2301 Ep.
645 2245 686 2298 1,
729 2228 827 2301 10,
874 2228 931 2298 4,
971 2227 1009 2284 5
1059 2227 1338 2298 qm'dquid
1377 2256 1453 2266 -—
1485 2228 1716 2298 pariter
1763 2227 1967 2303 spuria
2013 2245 2144 2287 esse
2188 2227 2284 2287 in-

366 2313 602 2373 tellexit
639 2313 968 2390 Hitzigius3
1014 2314 1126 2372 cet.
1163 2313 1236 2372 ef.
1276 2314 1412 2372 lect.
1448 2312 1596 2371 Hor.
1637 2316 1780 2373 712.

498 2420 610 2495 Ep.
654 2438 705 2493 1,
757 2421 864 2495 10,
916 2420 997 2478 13
1045 2419 1457 2492 ponendaeque
1500 2420 1664 2479 domo
1709 2423 2093 2494 quaerendast
2133 2438 2284 2483 area

365 2511 638 2582 primvm.
709 2507 846 2566 Etsi
881 2505 1170 2566 Horatius
1219 2507 1421 2567 dativo
1468 2511 1717 2584 quartae
1761 2528 2084 2585 numquam
2128 2528 2283 2570 usus

369 2598 486 2672 est,
536 2595 638 2655 vix
679 2597 886 2654 tamen
930 2593 1215 2669 adducor,
1269 2600 1340 2655 ut
1384 2596 1619 2657 credam
1667 2617 1803 2658 eum
1848 2600 2012 2658 domo
2058 2597 2283 2658 dixisse

368 2683 546 2743 dandi
602 2701 759 2743 casu.
857 2681 1280 2757 Recipiendam
1341 2684 1529 2760 igitur
1590 2686 1861 2745 existimo
1919 2687 2285 2761 scripturam

367 2772 819 2832 Blandiniorum
852 2772 1235 2846 ponendaque
1280 2773 1472 2846 domo,
1520 2774 1591 2831 ut
1636 2773 1716 2832 sit
1760 2773 2060 2833 ablativus
2107 2774 2284 2834 abso-

368 2859 532 2919 lutus
579 2879 688 2936 pro
733 2862 788 2920 si
819 2861 1066 2935 ponitur
1110 2860 1328 2919 clonms.

499 2982 549 3040 1,
609 2966 717 3039 10,
776 2966 855 3023 37
921 2966 1066 3025 victo
1120 2965 1318 3025 ridens
1372 2963 1672 3040 Hauptius
1730 2954 1902 3040 (victo
1956 2963 2075 3021 iam
2127 2963 2284 3029 Ben-

368 3045 599 3131 tleius),
641 3052 820 3111 victor
863 3052 1080 3112 violens
1125 3052 1253 3111 cdd.
1326 3052 1554 3112 Notum
1597 3052 1661 3110 in
1704 3051 1886 3110 medii
1929 3052 2062 3112 aevi
2105 3052 2282 3117 libris

370 3158 546 3216 saepe
589 3140 926 3216 permutari
969 3139 1128 3200 inter
1175 3159 1239 3199 se
1284 3141 1391 3200 illa
1436 3142 1492 3200 ol
1537 3141 1588 3199 cl
1632 3141 1686 3200 d.

504 3248 614 3321 10,
662 3247 743 3306 41
793 3247 1020 3306 nescius
1062 3248 1150 3306 uti
1192 3263 1302 3306 nos
1348 3246 1675 3310 lect.,H0r.
1724 3249 1878 3321 712,
1926 3250 2028 3308 13.

500 3353 609 3429 Ep.
644 3369 686 3429 1,
736 3354 838 3426 11,
889 3353 989 3428 18,
1031 3354 1110 3412 19
1160 3357 1475 3427 campestre
1513 3384 1591 3394 —
1637 3354 1864 3414 Tiberis
1908 3355 2111 3430 spuria
2149 3373 2277 3416 esse

371 3444 401 3470 ⁶·
440 3446 447 3458 “
494 3441 666 3489 ¹¹·-it
709 3439 785 3502 A.
819 3440 1156 3519 Nauekius3
1202 3441 1275 3502 cf.
1313 3442 1448 3501 lect.
1485 3441 1629 3503 Hor.
1672 3444 1816 3502 713.
