2514 3950
923 207 1492 265 PROLEGOMENA.
2036 210 2169 264 XXI

254 359 469 434 possit,
524 361 595 418 ut
637 358 703 417 in
746 359 875 418 loco
923 357 1222 418 communi
1264 376 1385 416 non
1426 360 1633 417 notam
1675 359 1997 419 lectoribus
2041 361 2168 435 ple-

254 447 453 523 risque
509 450 571 506 et
624 446 889 523 obviam,
945 447 1050 506 sed
1101 445 1433 505 inauditam
1483 447 1689 524 plane,
1745 451 1806 507 et
1860 466 2040 524 quam
2092 467 2168 507 ne

255 535 634 595 coniectando
690 536 931 612 quidem
979 535 1173 610 possis
1219 535 1492 610 adsequi,
1547 554 1677 593 rem
1728 537 1945 612 tangat
1988 538 2169 612 poeta

253 642 372 682 non
407 623 712 700 intellego.
771 623 982 700 Neque
1018 624 1214 682 ullum
1249 622 1626 698 antiquitatis
1664 626 1968 684 auctorem
2003 624 2169 684 nobi-

252 711 466 772 liorem
518 712 843 772 inseruisse
896 715 1045 787 puto
1098 711 1269 771 libris
1319 729 1473 788 quae
1517 713 1753 772 nonnisi
1795 713 2169 788 picturarum

252 801 349 860 vel
393 803 734 860 statuarum
776 801 989 877 peritis
1033 801 1098 859 in
1142 799 1433 858 auxilium
1478 800 1763 860 adhibitis
1799 803 2047 876 possent
2081 803 2168 859 in-

252 889 482 965 tellegi,
518 889 762 948 minime
800 892 1004 949 autem
1041 889 1307 949 omnium
1339 890 1609 949 homines
1645 891 1961 950 Romanos,
2012 889 2169 959 Quid

253 977 453 1036 enim?
524 978 738 1037 Nonne
780 979 1043 1037 testatur
1090 977 1334 1037 Tacitus
1383 975 1545 1053 [dial.
1586 978 1659 1038 de
1701 997 1786 1040 or.
1827 976 1934 1054 11]
1981 997 2166 1054 popu-

252 1066 413 1124 lares
452 1084 589 1126 suos
625 1066 892 1142 picturas
932 1068 995 1124 et
1030 1067 1264 1124 statuas
1302 1084 1436 1124 cum
1473 1068 1658 1125 semel
1689 1066 1981 1127 vidissent
2007 1069 2169 1125 tran-

256 1153 373 1212 sire
409 1156 473 1213 et
508 1171 640 1213 esse
676 1153 1023 1212 contentos?
1086 1153 1290 1211 Hosne
1326 1172 1472 1229 ergo
1508 1157 1637 1212 tam
1672 1155 1892 1214 acriter
1929 1174 2168 1214 curasse

252 1241 432 1316 putas
478 1260 577 1300 res
621 1240 797 1317 istas,
850 1243 923 1300 ut
976 1241 1368 1300 obscurarent
1418 1241 1607 1301 libros
1657 1242 1969 1300 inserendo
2016 1260 2169 1319 quae

250 1347 425 1389 nemo
479 1329 599 1388 nisi
653 1329 844 1389 eidem
901 1330 1038 1388 urbi
1092 1331 1273 1404 atque
1328 1328 1474 1389 adeo
1528 1328 1721 1389 isdem
1765 1329 2169 1406 pinacothecis

253 1419 379 1478 sive
422 1418 664 1494 templis
706 1437 775 1477 ac
808 1418 1138 1494 porticibus
1172 1417 1502 1478 innutritus
1538 1421 1745 1495 posset
1778 1418 2171 1494 intellegere?

251 1507 466 1583 Itaque
501 1507 558 1566 h.
596 1508 637 1567 l.
674 1507 913 1566 omnino
949 1505 1356 1582 reponendum
1393 1525 1528 1567 cum
1561 1507 1837 1566 Bentleio
1875 1511 1937 1566 et
1972 1508 2170 1567 Fabro

251 1594 404 1654 illud
448 1595 666 1656 Marsi.

383 1703 427 1761 1,
474 1686 532 1759 2,
577 1687 659 1743 41
707 1703 836 1760 sqq.
910 1682 1200 1744 Graviore
1245 1684 1394 1742 haec
1436 1683 1916 1759 interpunctione
1962 1686 2038 1744 ab
2085 1683 2171 1743 eis

254 1790 408 1849 quae
451 1774 819 1848 praecedunt
873 1772 1204 1849 separanda
1248 1774 1518 1848 apparet.
1607 1772 1767 1830 Nam
1812 1792 1947 1832 eum
1993 1775 2174 1832 antea

252 1860 401 1920 Hor.
437 1860 775 1921 dubitasset
819 1860 893 1918 de
936 1861 1143 1920 futuro
1187 1860 1419 1920 vindice
1458 1860 1715 1936 imperii,
1759 1863 2171 1939 rogassetque,

252 1951 326 2007 ut
379 1949 623 2009 tandem
675 1967 896 2009 numen
950 1950 1379 2025 qualecumque
1424 1948 1657 2010 veniret
1710 1949 1788 2008 ad
1830 1969 1958 2009 rem
2001 1949 2172 2010 resti-

254 2039 557 2110 tuendam,
601 2037 724 2094 iam
769 2037 972 2111 agitur
1018 2036 1090 2094 de
1134 2036 1378 2095 invento
1425 2039 1488 2094 et
1530 2038 1854 2111 praesenti.

391 2127 450 2200 2,
489 2126 770 2183 41—43.
826 2123 1106 2183 Imitatus
1145 2124 1292 2182 haee
1329 2122 1709 2199 Calpurnius,
1743 2143 1921 2200 quem
1959 2142 2172 2201 aequa-

254 2214 376 2272 lem
408 2213 638 2273 Neroni
682 2212 869 2272 fuisse
913 2211 1306 2289 probabiliter
1352 2212 1569 2271 statuit
1603 2214 1683 2273 M.
1720 2212 2043 2289 Hauptius,
2087 2233 2173 2292 Ν,

257 2304 383 2360 142
433 2321 559 2379 sqq.

527 2401 596 2452 tu
631 2384 868 2468 quoque
886 2400 1106 2455 mutata
1143 2415 1239 2454 seu
1276 2398 1530 2469 Iuppiter
1565 2399 1687 2468 ipse
1722 2400 1903 2470 figura

531 2469 735 2525 Caesar
771 2470 904 2525 ades
943 2487 990 2525 e.
1019 2488 1070 2538 q.
1103 2487 1145 2525 s.

388 2566 709 2627 Horatium
745 2585 921 2642 saepe
959 2585 996 2626 a
1028 2566 1285 2626 satiricis
1323 2584 1670 2641 expressum
1704 2565 2037 2625 imitatione
2078 2571 2174 2627 sat

253 2657 517 2731 constat,
572 2657 885 2731 praeterea
938 2655 1013 2713 ab
1069 2652 1279 2714 Ovidio
1334 2655 1594 2731 aequali,
1653 2658 1786 2714 tum
1840 2673 1878 2714 a
1932 2654 2172 2732 Seneca,

252 2745 389 2821 ipsa
430 2762 814 2803 numerorum
859 2743 1250 2803 similitudine
1295 2741 1361 2801 id
1403 2743 1773 2819 conciliante,
1824 2745 1886 2802 et
1932 2761 1968 2801 a
2011 2743 2170 2801 Mar-

250 2834 417 2907 tiale,
455 2851 564 2892 nec
598 2851 718 2891 non
753 2832 829 2892 ab
865 2831 1149 2908 Ausoni0‚
1185 2834 1367 2908 poeta
1402 2832 1773 2891 scholastica
1842 2831 2170 2907 Aliquanto

251 2923 450 2981 rarius
496 2921 713 2997 reliqui
758 2921 1012 2979 eundem
1066 2924 1207 2980 sunt
1262 2921 1451 2980 secuti
1501 2923 1743 2996 poetae,
1797 2919 2171 2996 frequentius

248 3016 457 3072 tamen
502 3030 683 3087 quam
727 3009 990 3069 creditur
1034 3010 1234 3086 vulgo.

384 3120 434 3173 1,
485 3102 551 3175 3,
601 3101 683 3159 18
741 3099 840 3173 qwl
883 3100 1050 3159 siccis
1093 3099 1291 3158 oculis,
1380 3096 1759 3172 Suspectavit
1809 3096 1963 3155 illud
2006 3099 2173 3158 siccis

251 3189 591 3265 BentleiuS,
639 3187 746 3248 sed
790 3186 943 3247 bene
991 3185 1259 3245 adseruit
1301 3185 1764 3260 Peerlcampius.

384 3296 436 3355 1,
481 3279 551 3353 4,
599 3279 679 3336 16
771 3276 1039 3337 Fabulae
1090 3275 1308 3335 Manes
1368 3292 1487 3333 non
1540 3273 1816 3331 dicuntur
1869 3274 2041 3334 velut
2104 3294 2169 3333 re

253 3367 419 3425 omni
462 3369 728 3426 carentes
784 3367 848 3423 et
891 3383 1137 3441 prorsus
1181 3362 1410 3438 ficticii,
1466 3362 1573 3421 sed
1627 3362 1767 3437 quia
1809 3361 2055 3437 plurimi
2101 3380 2170 3421 ac

252 3452 643 3514 diversissimi
675 3453 748 3513 de
781 3454 866 3513 eis
901 3454 1181 3513 feruntur
1213 3450 1521 3512 hominum
1559 3468 1877 3525 sermones,
1913 3453 1984 3510 ut
2010 3451 2169 3525 apud
