2514 3950
385 2131 450 2180 10

389 2602 449 2652 15

385 3074 454 3125 20

922 857 1733 960 OARMEN

1106 1056 1548 1115 SAEOVLABE.

685 1228 975 1326 Phoebe
1018 1255 1444 1338 silvarumque
1483 1255 1714 1339 potens
1756 1252 1997 1336 Diana,

686 1340 996 1407 Lucidum
1037 1339 1200 1405 caeli
1243 1339 1465 1424 decus,
1511 1359 1550 1403 o
1595 1336 1847 1403 colendi

687 1425 836 1493 Sem
882 1447 951 1490 er
979 1427 1044 1489 et
1073 1423 1227 1489 culti
1238 1472 1259 1508 ,
1304 1422 1449 1488 date
1489 1443 1650 1506 quae
1677 1436 2013 1506 precamur

840 1529 1103 1593 empore
1146 1528 1359 1591 sacro,

691 1643 832 1720 Quo
876 1641 1177 1727 Sibyllini
1219 1663 1523 1707 monuere
1565 1662 1783 1707 versus

685 1727 989 1813 Virgines
1032 1727 1231 1792 lectas
1275 1746 1630 1811 puerosque
1673 1728 1883 1790 castos

686 1811 806 1878 Dis
849 1811 1078 1896 quibus
1123 1814 1369 1897 septem
1409 1811 1706 1897 placuere
1749 1808 1944 1877 colles

787 1894 1015 1962 Dicere
1059 1917 1335 1963 carmen.

685 2035 876 2099 Alme
920 2032 1061 2117 Sol,
1107 2054 1296 2098 curru
1336 2032 1541 2096 nitido
1586 2030 1756 2095 diem
1799 2027 1909 2113 qui

681 2117 932 2182 Promis
976 2119 1042 2181 et
1083 2117 1253 2182 celas
1298 2116 1585 2200 aliusque
1628 2117 1694 2179 et
1733 2112 1905 2179 idem

685 2199 1018 2283 Nasceris,
1062 2200 1271 2285 possis
1315 2199 1481 2263 nihil
1521 2198 1677 2262 urbe
1720 2196 1930 2263 Roma

786 2282 1012 2349 Visere
1054 2283 1291 2349 maius!

687 2419 835 2483 Rite
879 2422 1160 2484 maturos
1205 2418 1451 2503 aperire
1492 2418 1711 2502 partus

688 2502 880 2568 Lenis
895 2552 914 2586 ,
957 2502 1247 2587 Ilithyia‚
1292 2505 1470 2567 tuere
1513 2505 1781 2583 matres,

684 2586 832 2653 Sive
873 2589 946 2650 tu
987 2586 1232 2651 Lucina.
1272 2586 1505 2672 probas
1548 2606 1764 2651 vocari

790 2670 918 2737 Seu
961 2669 1305 2736 Genitalis:

688 2807 884 2892 Diva,
926 2805 1242 2891 producas
1288 2805 1577 2871 subolem
1619 2806 2000 2889 patrumque

687 2891 1032 2976 Prosperes
1077 2890 1331 2956 decreta
1372 2911 1561 2975 super
1601 2888 1897 2974 iugandis

688 2974 971 3040 Feminis
1013 2976 1338 3059 prolisque
1380 2995 1583 3039 novae
1628 2973 1827 3038 feraci

800 3057 972 3144 Lege
1013 3060 1273 3144 marita,

692 3193 919 3260 Certus
962 3194 1251 3258 undenos
1297 3194 1550 3258 deciens
1595 3214 1711 3277 per
1753 3210 1957 3255 annos
1999 3263 2002 3266 ,

691 3277 882 3343 Orbis
926 3280 998 3341 ut
1042 3280 1267 3343 cantus
1310 3278 1664 3361 referatque
1708 3276 1895 3341 ludos

690 3360 816 3426 'Per
859 3361 960 3425 die
1005 3362 1176 3426 claro
1219 3362 1584 3446 totiensque
1626 3363 1811 3446 grata

791 3444 999 3510 Nocbe
1042 3444 1424 3527 frequenbes.
