2514 3950
241 190 428 264 mn]

1026 187 1242 241 LIBER.
1285 188 1355 244 11.
2086 180 2169 246 43

1077 417 1312 492 XIIII.

428 552 613 617 Eheu
654 551 942 637 fugaces,
987 548 1322 632 Postume,
1365 549 1699 634 Postume,

428 636 757 702 Labuntur
799 634 982 717 anni,
1026 655 1146 699 nec
1187 634 1394 718 pietas
1437 654 1683 698 moram

533 720 739 806 Rugis
786 722 852 784 et
892 718 1162 783 instanti
1205 720 1501 783 senectae

641 803 914 868 Adferet
952 802 1427 885 indomitaeque
1467 804 1691 888 morti3

429 938 612 1022 Non,
658 939 712 1003 si
754 938 1060 1020 trecenis,
1105 938 1421 1021 quotquot
1462 940 1615 1001 eunt
1657 937 1822 1021 dies,
2133 954 2165 1000 5

432 1022 690 1104 Amice,
733 1022 947 1104 places
990 1021 1515 1085 inlacrimabilem

538 1104 816 1169 Plutona
857 1104 1058 1168 tauris
1137 1105 1247 1187 qui
1288 1108 1388 1168 ter
1430 1105 1714 1187 amplum

650 1186 988 1270 Geryonen
1031 1152 1391 1271 'Izityonque
1433 1188 1609 1251 tristi

436 1321 781 1407 Conpescit
821 1322 1020 1406 unda,
1066 1322 1310 1388 scilicet
1353 1323 1677 1407 omnibus,

434 1406 825 1490 Quicumque
866 1409 1071 1471 terrae
1113 1428 1374 1472 munere
1422 1407 1771 1490 vescimur,
2100 1422 2164 1470 10

538 1490 957 1576 Enaviganda
966 1540 985 1575 ,
1030 1491 1162 1556 sive
1201 1512 1387 1577 reges

647 1573 792 1640 Sive
834 1575 1060 1660 inopes
1104 1575 1338 1641 erimus
1384 1577 1617 1642 coloni.

432 1709 694 1774 Frustra
737 1713 999 1774 cruento
1041 1710 1247 1775 Marte
1294 1711 1645 1776 carebimus

431 1793 800 1878 Fractisque
842 1794 1018 1859 rauci
1057 1794 1355 1859 fluctibus
1397 1795 1704 1878 Hadriae,

538 1877 802 1942 Frustra
841 1898 957 1961 per
998 1881 1338 1942 autumnos
1379 1881 1718 1943 nocentem
2100 1892 2161 1940 15

646 1959 1038 2046 Corporibus
1080 1964 1435 2026 metuemus
1482 1964 1799 2026 austrum:

431 2095 753 2160 Visendus
797 2098 935 2160 ater
974 2095 1235 2160 flumine
1273 2095 1579 2181 languido

433 2179 567 2246 Coc
682 2201 712 2244 s
756 2200 973 2245 errans
1018 2182 1083 2244 et
1122 2178 1333 2244 Danai
1373 2201 1579 2266 genus

647 2285 787 2328 ame
831 2264 1164 2330 damnatus
1206 2286 1289 2329 ue
1330 2264 1513 2350 longi

646 2347 954 2432 Sisyphus
997 2348 1186 2414 Aeoli
1231 2370 1299 2412 es
1342 2348 1600 2414 laboris.
2096 2362 2163 2412 20

431 2481 807 2565 Linquenda
847 2483 1038 2546 tellus
1083 2484 1148 2546 et
1190 2482 1416 2547 domus
1461 2486 1526 2547 et
1565 2484 1825 2568 placens

429 2563 640 2648 onr,
682 2586 889 2648 neque
930 2565 1185 2648 harum,
1230 2586 1386 2649 quas
1431 2567 1618 2650 colis,
1662 2568 1959 2633 arborum

539 2647 630 2713 Te
643 2652 924 2798 ἦιξα-,ετ
964 2650 1201 2714 invisas
1247 2670 1578 2735 cupressos

833 2732 1089 2799 brevem
1133 2734 1463 2800 dominum
1507 2738 1825 2818 sequetur.

431 2866 747 2932 Absumet
785 2867 970 2934 heres
1014 2867 1308 2934 Caecuba
1352 2868 1608 2953 dignior
2092 2882 2160 2932 25

431 2949 693 3017 Servata
736 2955 991 3017 centum
1036 2952 1317 3016 clavibus
1362 2954 1427 3015 et
1466 2972 1641 3015 mero

537 3033 662 3099 Tin
752 3037 817 3099 et
903 3036 1292 3100 avimentum
1336 3034 1604 3119 superbo
1615 3081 1636 3116 ,

697 3119 833 3183 onti
881 3140 1027 3183 cum
1068 3118 1318 3202 potiore
1364 3119 1556 3185 cenis,
