2514 3950
359 108 483 174 136
1103 113 1529 170 sA'rfflARvm
2146 118 2287 191 [ΗΠ.
2309 52 2315 58 ’

482 277 576 343 Vt
615 277 848 361 mavis,
893 278 1160 343 imitare.
1235 277 1472 343 Beatus
1515 277 1797 344 Fannius
1841 280 2010 344 ultro

483 361 730 427 Delatis
774 363 980 447 capsis
1025 366 1090 428 et
1132 363 1441 448 imagine3
1487 383 1632 427 cum
1673 385 1816 428 mea
1854 385 2044 428 nemo

486 445 736 530 Scripta
763 448 953 532 legat,
984 447 1180 531 vulgo
1210 447 1479 511 recitare
1508 446 1793 512 timentis
1824 448 1906 513 ob
1935 447 2101 513 hanc
2129 470 2279 533 rem,

485 530 670 607 Quod
715 534 866 596 sunt
908 551 1067 614 quos
1110 551 1314 616 genus
1356 530 1481 595 hoc
1508 531 1771 680 miriime
1813 533 2017 614 iuvat,
2059 535 2282 617 utpote

1641 637 1785 681 ures

354 712 420 762 25
486 698 748 784 Culpari
791 699 1040 785 dignos.
1129 699 1430 776 Quemvis
1473 638 1683 765 meldis
1726 701 1890 797 elige
1932 701 2151 784 turba5

481 785 617 848 Aut
659 784 742 848 ob
787 783 1118 849 avaritiam
1171 788 1284 850 aut
1333 785 1565 850 misera
1613 785 1961 850 ambitione
2014 785 2284 851 laborat.

482 867 608 933 Hic
649 871 995 951 nuptarum
1036 869 1278 933 insanit
1319 869 1639 933 amoribus
1651 916 1670 951 ‚
1714 868 1822 934 hic
1908 890 2234 955 uerorum3

482 951 673 1018 Hunc
712 953 884 1036 capit
925 953 1176 1038 argenti
1218 953 1548 1039 splendor3
1594 956 1809 1036 stupet
1922 954 2063 1018 bius
2108 975 2284 1040 aere3

481 1035 607 1101 Hic
648 1040 853 1101 mutat
893 1059 1135 1102 merces
1181 1041 1481 1123 surgente
1524 1060 1562 1102 a
1594 1038 1728 1102 sole
1773 1036 1855 1102 ad
1896 1035 2093 1120 eum,⁸
2114 1058 2240 1122 quo

353 1133 423 1183 30
486 1119 870 1205 Vespertina
911 1124 1088 1205 tepet
1128 1123 1338 1208 regi03
1384 1122 1539 1206 quin
1579 1143 1695 1205 per
1728 1122 1897 1186 mala
1937 1143 2242 1206 praeceps

480 1205 736 1290 Fertur,
780 1206 878 1271 uti
917 1206 1126 1290 pulvis
1171 1207 1477 1272 collectus
1520 1206 1807 1289 turbine,
1851 1206 2087 1290 nequid

483 1290 742 1356 Summa
785 1290 1090 1374 deperdat
1130 1294 1423 1356 metuens
1467 1294 1579 1355 aut
1620 1291 1884 1375 ampliet
1924 1294 1997 1355 ut
2041 1311 2197 1355 rem.

485 1373 723 1439 Omnes
767 1373 837 1437 hi
880 1378 1176 1440 metuunt
1217 1396 1465 1458 versus,
1511 1375 1700 1440 odere
1741 1378 2021 1459 poetam.

482 1457 791 1523 ‘Foenum
833 1458 1028 1524 habet
1069 1459 1140 1522 in
1184 1480 1408 1543 cornu,
1456 1460 1649 1557 longe
1692 1459 1873 1545 fuge:
1941 1458 2285 1523 dummodo

1571 1565 1771 1609 nsum

352 1640 419 1690 85
485 1626 792 1692 Excutiat
834 1626 987 1711 sibi,
1031 1648 1166 1692 non
1208 1627 1314 1692 hic
1359 1630 1651 1712 cuiquam
1692 1631 1911 1711 parcet
1952 1627 2154 1692 amico
2165 1675 2186 1709 ‚

478 1711 569 1776 Et
609 1711 1050 1808 quodcumque
1086 1712 1285 1777 semel
1329 1711 1564 1777 chartis
1607 1713 1930 1794 inleverit‚
1976 1732 2198 1776 omnes

481 1795 727 1860 Gestiet
768 1818 807 1859 a
848 1795 1037 1861 furno
1082 1796 1420 1862 redeuntes
1465 1797 1627 1862 scire
1671 1797 1934 1881 lacuque

477 1879 566 1944 Et
602 1901 832 1964 pueros
863 1883 926 1944 et
959 1889 1160 1946 anus.’
1210 1881 1526 1967 Agedum,
1555 1902 1757 1965 pauca
1796 1880 2009 1963 accipe
2039 1883 2286 1945 contra.

477 1963 764 2032 Primum
825 1988 944 2051 ego
997 1989 1101 2032 me
1154 1966 1442 2050 illorum,
1511 1965 1792 2031 dederim
1859 1964 2085 2049 quibus
2143 1987 2294 2030 esse

1568 2051 1776 2135 poetis
1789 2099 1808 2134 ‚

346 2146 415 2197 4ο
479 2134 835 2218 Excerpam
863 2156 1162 2200 numero:
1192 2157 1399 2220 neque
1430 2136 1602 2200 enim
1625 2134 2000 2200 concludere
2028 2155 2288 2199 versum

472 2217 728 2283 Dixeris
773 2239 910 2283 esse
955 2220 1137 2304 satis3
1181 2221 1401 2302 [neque
1477 2220 1643 2303 siqui
1686 2218 1921 2285 scribat
1961 2218 2059 2282 uti
2100 2238 2226 2282 nos

476 2301 767 2367 Sermoni
809 2303 1137 2388 propiora,
1180 2306 1368 2387 putes
1411 2268 1583 2369 bunc
1628 2325 1764 2369 esse
1805 2306 2081 2387 poetam.

472 2385 814 2470 Ingenium
858 2388 959 2451 cui
1003 2388 1116 2470 sit,
1164 2388 1266 2453 cui
1310 2409 1491 2453 mens
1537 2388 1812 2453 divinior
1854 2390 2042 2535 atque
2086 2408 2157 2451 os

472 2470 713 2567 Magna
756 2474 1126 2536 sonatur-um
1137 2521 1155 2555 ,
1215 2471 1325 2537 des
1379 2473 1659 2537 nominis
1712 2472 1899 2536 huius
1994 2491 2286 2536 onorem.

343 2566 409 2616 45
473 2553 720 2620 Idcirco
766 2554 1054 2639 quidam,
1100 2557 1430 2621 comoedia
1471 2578 1675 2622 necne
1719 2578 1948 2654 poema

470 2637 692 2722 Esset,
739 2639 1134 2723 quaesivere,
1182 2640 1353 2723 quod
1397 2661 1544 2705 acer
1586 2640 1846 2738 spintus
1891 2662 1965 2705 ac
2009 2640 2104 2704 vis

468 2722 608 2788 Nec
650 2724 860 2788 verbis
890 2745 1010 2788 nec
1037 2723 1226 2788 rebus
1271 2724 1469 2807 inest,
1512 2724 1642 2790 nisi
1728 2724 1858 2789 uod
1898 2723 2059 2807 pede
2104 2725 2289 2786 certo

467 2805 702 2872 Differt
744 2808 1055 2892 sermoni,
1102 2829 1310 2873 sermo
1353 2831 1584 2874 merus.
1672 2815 1691 2845 ‘
1754 2811 1785 2872 t
1825 2811 2006 2891 pater
2049 2805 2289 2870 ardens

470 2890 710 2975 Saevit,
756 2892 924 2975 quod
968 2894 1301 2957 meretrice
1342 2914 1545 2977 nepos
1587 2894 1851 2957 insanus
1895 2891 2097 2973 amica

339 2985 408 3036 50
468 2974 670 3039 Filius
713 2997 979 3040 uxorem
1022 2976 1252 3061 grandi
1298 2998 1442 3042 cum
1487 2977 1634 3041 dote
1676 2978 1957 3058 recuset,

465 3059 702 3124 Ebrius
748 3061 843 3142 et,
888 3081 953 3122 m
1085 3082 1195 3125 um
1236 3061 1409 3144 quod
1453 3060 1754 3143 dedecuS,
1803 3059 2085 3124 ambulet
2127 3062 2290 3123 ante

464 3141 742 3207 Noctem
789 3164 934 3208 cum
1006 3145 1269 3209 acibus?
1345 3144 1676 3229 Numquid
1703 3143 2100 3227 Pomponius
2131 3143 2289 3207 -istu's

467 3226 736 3292 Audiret
778 3228 1048 3311 leviora,
1090 3229 1274 3311 pater
1317 3229 1373 3292 si
1417 3229 1703 3295 viveret?
1768 3228 1947 3313 Ergo

465 3307 619 3373 Non
662 3311 817 3374 satis
862 3314 963 3375 est
1049 3311 1181 3375 uris
1226 3333 1481 3378 versum
1522 3313 1917 3398 perscribere
1960 3310 2204 3394 verbis,

338 3404 404 3452 55
473 3391 674 3467 Quem
719 3394 773 3457 si
819 3394 991 3458 disso
1019 3415 1161 3477 vas,
1208 3396 1414 3478 quivis
1459 3397 1890 3462 stomachetur
1934 3395 2155 3462 eodem
