2514 3950
819 182 1121 240 GARMEN
1165 180 1605 238 SAECVLARE.

448 346 559 413 Vo
636 368 717 412 ue
756 360 1013 411 veraces
1058 345 1363 409 cecinisse
1438 343 1672 407 Parcae
1685 392 1704 426 ‚

459 432 599 508 Quo
687 431 884 505 semel
927 429 1231 495 dictumst
1272 391 1643 511 stabilisque
1684 447 1897 491 rerum

455 516 794 580 Terminus
838 518 1075 597 servet,
1118 514 1291 578 bona
1332 513 1462 577 iam
1504 511 1776 596 peractis

546 601 803 685 Iungite
846 600 1004 665 fata.

456 768 711 833 Fertilis
754 768 1016 853 ‘frugum
1058 766 1431 852 pecorisque
1473 765 1664 830 tellus

458 851 685 936 Spicea
728 852 924 917 donet
967 850 1264 918 Cererem
1308 870 1571 936 corona3

455 935 765 1002 Nutriant
804 936 973 999 fetus
1018 939 1084 999 et
1125 956 1324 1017 aquae
1369 934 1652 999 salubres

550 1019 640 1082 Et
681 1018 852 1082 Iovis
897 1038 1103 1081 aurae.

460 1184 738 1250 Condito
783 1184 955 1248 mitis
999 1182 1410 1268 placidusque
1452 1183 1581 1248 telo

458 1269 548 1333 Su
594 1269 791 1353 plices
837 1268 985 1335 audi
1027 1289 1290 1353 pueros,
1335 1267 1602 1351 Apoll03

460 1291 752 1418 Siderum
792 1353 1017 1438 regina
1058 1353 1373 1435 bicornis,
1418 1353 1598 1434 audi,

549 1436 758 1521 Luna,
805 1438 1066 1522 puellas.

453 1589 663 1655 Roma
704 1589 760 1654 si
802 1592 1148 1654 vestrumst
1189 1610 1382 1674 opus,
1426 1588 1706 1674 Iliaeque

455 1673 637 1738 Litus
680 1673 1023 1739 Etruscum
1065 1677 1326 1738 tenuere
1369 1677 1644 1758 turmae,

453 1757 635 1822 Iussa
676 1781 822 1842 pars
868 1762 1115 1823 mutare
1157 1757 1352 1822 Lares
1398 1762 1464 1825 et
1503 1759 1727 1824 urbem

548 1840 802 1924 Sospite
848 1863 1034 1906 cursu
1043 1891 1062 1923 ‚

456 1990 581 2055 Cui
623 2012 738 2075 per
779 1991 1106 2055 ardentem
1149 1992 1287 2055 sine
1330 1991 1552 2056 fraude
1593 1992 1854 2055 Troiam

458 2073 688 2139 Castus
730 2075 982 2173 Aeneas
1023 2074 1271 2173 patriae
1314 2079 1631 2160 superstes
1663 2111 1668 2112 ff

455 2157 755 2223 Liberum
798 2162 1071 2224 munivit
1111 2160 1260 2243 iter,
1308 2160 1567 2226 daturus

547 2242 743 2307 Plura
785 2244 1055 2309 relictis:

456 2393 572 2477 Di,
615 2396 852 2479 probos
895 2417 1104 2461 mores
1157 2397 1352 2461 docili
1392 2399 1716 2482 iuventae,

455 2477 573 2559 Di,
620 2480 933 2543 senectuti
972 2480 1261 2577 placidae
1305 2482 1612 2565 quietem,

454 2561 764 2626 Romulae
808 2565 987 2647 gent1
1032 2563 1178 2628 date
1220 2585 1479 2649 remque
1522 2567 1892 2651 prolemque

548 2645 637 2709 Et
680 2646 871 2711 decus
916 2667 1124 2713 omne.

454 2796 752 2882 Quaeque
796 2817 910 2863 vos
954 2800 1157 2865 bobus
1201 2804 1539 2865 veneratur
1582 2801 1743 2865 albis

454 2880 677 2947 Clarus
721 2882 1043 2948 Anchisae
1085 2884 1482 2981 Venerisque
1526 2886 1817 2969 sanguis,

451 2965 529 3029 In
577 2970 769 3050 etret,
814 2966 1093 3031 bellante
1137 2968 1343 3052 prior,
1388 2971 1704 3033 iacentem

599 3051 737 3115 enis
781 3051 850 3114 in
892 3050 1161 3115 hostem.

450 3200 588 3265 Iam
632 3202 794 3266 mari
836 3205 1131 3286 terraque
1176 3225 1403 3269 manus
1445 3208 1741 3289 potentes

450 3283 674 3350 Medus
719 3287 1130 3371 Albanasque
1173 3288 1359 3353 timet
1402 3310 1681 3373 secures,

451 3365 587 3431 Iam
632 3369 902 3452 Scythae
945 3393 1255 3457 responsa
1297 3375 1529 3458 petunt
1572 3374 1831 3457 superbi

543 3451 765 3536 Nuper
808 3459 872 3519 et
914 3455 1077 3522 Indi.

2055 175 2172 240 103

2105 354 2170 404 25

2109 859 2176 912 30

2110 1364 2175 1413 35

2106 2409 2172 2459 45

2106 2900 2174 2949 50

2057 3388 2168 3462 ,55
