2514 3950
225 146 340 219 111.]
1007 145 1219 199 mana
1261 144 1333 200 11.
2026 51 2380 235 mxx

224 307 533 391 Eupolin,
578 305 1068 388 Archilochum,
1116 305 1380 369 comites
1427 305 1689 370 educere
1732 303 1996 372 tantos?

223 391 534 457 Invidiam
579 391 830 474 placare
880 411 1068 473 paras
1113 389 1350 453 virtute
1392 389 1658 453 relicta?

225 475 644 541 Contemnere
686 475 907 539 miser!
995 473 1338 539 Vitandast
1380 473 1652 557 inproba
1694 472 1877 538 Siren

227 558 510 643 Desidia,
556 561 667 623 aut
709 558 1014 643 quidquid
1056 558 1191 622 vita
1231 558 1493 622 meliore
1536 558 1775 641 parasti
2081 565 2158 628 15

224 644 593 709 Ponendum
656 664 858 728 aequo
920 643 1178 757 animo,'
1269 642 1378 706 ‘Di
1434 641 2025 811 {Zaeglzmasippffi

224 812 457 877 Verum
503 813 584 877 ob
631 813 967 877 consilium
1013 812 1253 876 donent
1295 815 1573 876 tonsore.
1665 810 1787 875 Sed
1829 809 1998 876 unde

221 896 378 961 Tam
422 897 583 961 bene
625 919 728 962 me
770 898 944 960 nosti
956 896 1014 960 ’θ’
1089 897 1466 1042 Ῥοεὲᾳιιειπί
1490 897 1698 960 omnis
1741 917 1841 960 res
1883 911 2030 961 mea.

1468 1001 1660 1044 anum

221 1065 325 1128 Ad
368 1063 649 1127 medium
692 1063 987 1144 fractast,
1035 1063 1244 1127 aliena
1285 1065 1546 1147 negotia
1591 1084 1740 1128 curo

221 1147 543 1212 Excussus
586 1147 883 1231 propriis,
959 1146 1130 1210 Olim
1175 1167 1328 1210 nam
1373 1167 1671 1230 quaerere
1703 1148 2022 1232 amabam,
2080 1156 2158 1216 20

224 1232 362 1307 Quo
407 1231 585 1295 vafer
626 1231 736 1295 ille
779 1230 971 1314 pedes
1016 1230 1277 1295 lavisset
1320 1229 1628 1314 Sisyphus
1674 1239 1845 1315 aere,

224 1315 389 1391 Quid
435 1315 754 1399 sculptum
797 1315 1075 1398 infabre,
1162 1315 1273 1380 uid
1314 1315 1528 1379 fusum
1573 1315 1788 1380 durius
1824 1317 2010 1381 esset.

224 1400 509 1466 Callidus
552 1399 701 1464 huic
746 1401 931 1484 signo
1023 1421 1144 1464 one
1192 1421 1296 1462 am
1338 1400 1518 1463 milia
1562 1401 1844 1484 centum3

223 1482 464 1549 Hortos
510 1485 923 1570 egregiasque
1011 1505 1191 1548 omos
1233 1484 1572 1548 mercarier
1613 1505 1777 1547 unus

223 1568 386 1634 Cum
429 1569 606 1633 lucro
651 1590 910 1634 noram:
954 1568 1123 1633 unde
1166 1568 1526 1652 frequentia
1567 1567 1944 1632 Mercuriale
2084 1578 2159 1633 25

222 1653 566 1737 Inposuere
610 1653 768 1718 mihi
813 1674 1173 1739 cognomen
1217 1653 1538 1737 compita?
1625 1652 1847 1735 ε110111,

225 1737 315 1802 Et
355 1739 553 1802 miror
596 1738 804 1802 morbi
845 1741 1192 1823 purgatum
1232 1741 1299 1802 te
1341 1738 1558 1802 illius?
1638 1736 1861 1819 ‘Atqui

222 1822 483 1887 Emovit
524 1825 804 1886 veterem
847 1823 1006 1886 mire
1048 1843 1284 1905 novus,
1329 1826 1400 1886 ut
1444 1823 1635 1904 solet,
1680 1821 1750 1884 in
1794 1841 1902 1885 cor

222 1905 515 1970 Traiecto
560 1905 778 1969 lateris
821 1905 1038 1968 miseri
1078 1905 1385 1990 capitisve
1430 1905 1678 1988 dolore,

222 1990 315 2055 Vt
334 1989 722 2073 lethargicus
740 1988 844 2053 hic
865 2010 1008 2053 cum
1031 1989 1104 2053 fit
1124 1990 1306 2075 pugil
1327 1992 1393 2054 et
1413 1990 1729 2054 medicum
1751 1992 2026 2074 urguet.’
2087 2002 2160 2053 80

226 2073 424 2138 ‘Dum
452 2073 691 2156 nequid
722 2073 930 2137 simile
971 2073 1149 2158 huic,
1197 2077 1333 2139 esto
1362 2076 1436 2138 ut
1478 2074 1679 2139 libet!
1749 2072 1826 2137 ‘O
1868 2073 2069 2159 bone,

1437 2180 1521 2223 ne
1562 2161 1627 2222 te

224 2242 583 2307 Frustrere:
628 2243 870 2307 insanis
916 2246 980 2308 et
1021 2246 1126 2325 tu,
1173 2243 1476 2327 stultique
1518 2265 1717 2327 prope
1762 2264 2015 2328 omneS,

224 2326 448 2412 Siquid
491 2326 832 2392 Stertinius
874 2328 1007 2392 veri
1052 2331 1298 2411 crepat,
1343 2328 1511 2391 unde
1557 2349 1675 2411 ego
1721 2329 1882 2391 mira

221 2411 550 2495 Descripsi
580 2412 803 2477 docilis
834 2415 1171 2495 praecepta
1210 2412 1397 2495 haec,
1441 2415 1726 2495 tempore
1771 2433 1895 2495 quo
1926 2433 2027 2476 me

222 2495 479 2561 Solatus
523 2497 711 2560 iussit
753 2497 1105 2579 sapientem
1149 2517 1408 2579 pascere
1450 2496 1714 2560 barbam
2085 2507 2155 2557 35

219 2580 436 2663 Atque
483 2600 522 2642 a
563 2579 856 2644 Fabricio
899 2601 1034 2644 non
1075 2580 1325 2644 tristem
1366 2584 1564 2664 ponte
1609 2581 1858 2645 reverti.

220 2664 392 2729 Nam
436 2664 600 2727 male
643 2685 712 2728 re
803 2666 938 2728 esta
980 2685 1124 2728 cum
1166 2665 1397 2729 vellem
1439 2666 1692 2730 mittere
1736 2667 1957 2747 operto

217 2748 327 2813 Me
373 2748 579 2832 capite
622 2749 694 2812 in
780 2769 1001 2832 umen,
1049 2749 1269 2814 dexter
1312 2750 1491 2813 stetit
1534 2751 1599 2813 et
1641 2756 1815 2811 ‘cave
1864 2746 2029 2810 faxis

219 2833 311 2898 Te
358 2833 698 2918 quicquam
743 2833 1097 2919 indignum.
1171 2832 1410 2897 Pudor’
1456 2832 1666 2976 inqlssit
1709 2832 1797 2893 ‘te
1825 2830 2030 2893 malus

1438 2936 1521 2978 an

219 3003 492 3067 Insanos
538 3002 648 3085 qui
691 3003 858 3066 inter
903 3022 1156 3066 vereare
1200 3000 1465 3063 insanus
1508 2935 1747 3062 litha-i,
2089 3010 2161 3061 40

217 3086 506 3151 Primum
533 3107 686 3151 nam
716 3086 1065 3169 inquiram,
1099 3083 1250 3168 quid
1281 3084 1366 3147 sit
1392 3083 1632 3231 fureze:
1672 3082 1796 3147 1100
1827 3083 1882 3147 si
1912 3082 2033 3147 erit

1441 3190 1510 3231 1n
1583 3189 1616 3231 e

222 3253 376 3320 Solo
391 3303 409 3337 ,
454 3254 550 3318 nil
589 3255 796 3338 verbi,
841 3274 1065 3338 pereas
1111 3252 1272 3337 quin
1309 3252 1591 3336 fortiter,
1637 3251 1884 3315 addam.

224 3338 431 3414 Quem
460 3339 633 3402 mala
660 3340 934 3404 stultitia
964 3341 1029 3403 et
1073 3360 1261 3423 quem
1292 3359 1557 3421 cumque
1600 3335 1856 3399 inscitia
1897 3335 2032 3399 veri

221 3422 502 3489 Caecum
535 3423 701 3507 agit,
731 3425 1028 3489 insanum
1095 3421 1438 3508 Chrysippi
1468 3421 1751 3507 porticus
1782 3423 1847 3484 et
1873 3440 2034 3505 grex

325 3525 373 3566 Η
372 3534 584 3566 oooooo
1783 3526 1842 3573 11
