2514 3950
925 168 1489 227 PROLEGOMENA.
1797 197 1804 201 ·
1851 221 1866 228 -
2069 171 2169 227 LV

255 319 448 379 hibita
475 321 538 378 et
567 319 891 394 superstite
919 320 1019 380 vel
1046 319 1242 395 hodie,
1271 320 1816 381 demonstraturum
1844 339 1975 381 esse
2004 321 2165 398 alibi,

255 426 371 483 quo
430 408 534 469 ille
588 408 762 467 modo
817 426 946 467 rem
1003 409 1262 484 gesserit
1312 409 1378 467 in
1425 409 1722 469 codicibus
1777 410 2166 471 conferendis.

256 495 431 566 Quod
493 497 700 555 utrum
761 495 974 557 fecerit
1036 497 1384 557 facturusne
1447 498 1528 556 sit
1588 498 1814 573 ignoro.
1917 498 2035 558 Sed
2098 503 2167 558 ut

253 584 546 660 probetur
585 583 914 660 Cruquium
958 585 1024 644 in
1057 586 1410 646 membrana
1444 604 1565 645 una
1608 586 1948 646 adhibenda
1989 606 2168 647 usum

256 691 389 732 esse
433 673 817 748 neglegentia
852 674 1238 749 socordiaque
1274 674 1373 734 vel
1420 675 1696 748 maxima,
1740 693 1862 735 non
1898 676 2168 751 sequitur

258 779 395 819 eum
429 761 494 819 in
528 761 862 822 Blandiniis
907 762 1206 823 codicibus
1244 764 1635 839 excutiendis,
1682 782 1935 839 quorum
1970 764 2169 839 ipsum

254 849 448 925 magis
484 849 800 926 magisque
827 852 1201 927 perspexisse
1228 854 1466 912 constat
1491 851 1771 928 pretium,
1809 851 1992 912 simili
2025 853 2168 912 levi-

254 940 384 996 tate
427 941 752 997 versatum.
825 939 908 998 Et
951 942 1124 999 caute
1169 941 1410 1016 quidem
1456 943 1518 1000 et
1562 959 1697 1001 cum
1740 940 1959 1001 iudicio
2002 941 2169 1000 testi-

256 1020 470 1083 moniis
526 1026 652 1084 eius
698 1026 989 1085 utendum
1034 1028 1137 1086 diu
1183 1031 1322 1088 ante
1370 1028 1677 1088 Kellerum
1722 1029 2169 1106 Holderumque

254 1130 464 1172 omnes
509 1117 932 1174 consenserant
977 1115 1153 1173 docti.
1227 1115 1345 1174 Sed
1385 1135 1522 1174 eum
1557 1117 1784 1177 minore
1820 1121 1929 1178 aut
1963 1119 2169 1194 utique

259 1219 378 1258 non
431 1200 654 1260 maiore
702 1220 880 1260 usum
932 1202 1313 1278 indiligentia
1363 1203 1428 1262 in
1482 1205 1779 1263 codicibus
1834 1206 2169 1266 Blandiniis

257 1289 640 1362 excerpendis
700 1308 880 1365 quam
941 1309 1130 1367 paene
1195 1309 1401 1351 omnes
1466 1309 1617 1352 saec.
1671 1311 1779 1353 xvr
1845 1293 2049 1353 doctos
2109 1297 2172 1354 et

257 1376 523 1436 Gothani
565 1377 708 1436 libri
751 1379 1091 1440 declaratur
1134 1378 1449 1455 scripturis
1497 1383 1559 1440 et
1604 1399 1677 1440 ea
1713 1399 1798 1458 re,
1848 1382 2009 1457 quod
2040 1401 2172 1458 per·

258 1484 480 1541 paucae
524 1467 602 1525 ab
648 1486 718 1526 eo
763 1469 1172 1528 memorantur
1219 1467 1432 1528 Bland.
1478 1468 1605 1529 cod.
1651 1470 1963 1546 lectiones,
2013 1490 2171 1546 ‘quae

258 1573 378 1613 non
428 1554 682 1614 aliorum
729 1575 1051 1633 eorumque
1096 1558 1392 1617 bonorum
1436 1556 1751 1618 firmentur
1793 1559 2171 1620 testimoniis.

388 1678 440 1734 1,
487 1664 556 1734 8,
605 1664 686 1720 41
734 1668 1072 1722 resonarent
1113 1683 1200 1737 v„
1243 1666 1574 1724 resonarint
1616 1665 1684 1723 B.
1729 1664 1810 1722 M.

389 1785 430 1842 1,
479 1769 537 1844 9,
590 1770 667 1826 17
717 1769 971 1842 circuayi
1017 1769 1244 1846 scripsi,
1294 1772 1356 1828 et
1393 1769 1476 1827 sic
1513 1769 1741 1828 Monac.
1777 1788 1802 1828 1
1837 1787 1930 1846 ap.
1960 1770 2167 1830 Kirch-

256 1872 493 1931 nerum,
539 1874 595 1914 v.
642 1858 971 1929 circumagi.
2249 1856 2264 1863 ”

395 1945 451 2019 9,
501 1945 582 2002 69
628 1944 792 2003 hodie
836 1946 1126 2003 tricesima
1169 1946 1430 2005 sabbata.
1501 1945 1706 2005 Verba
1747 1946 2024 2007 obscura:
2072 1949 2171 2007 tri-

259 2032 517 2090 stissima
562 2031 744 2089 scribi
786 2032 955 2090 iubet
999 2031 1294 2090 Linkerus
1339 2050 1438 2108 pg.
1481 2035 1582 2106 11,
1633 2036 1731 2091 12.

392 2136 465 2195 In
508 2156 602 2195 vv.
650 2140 807 2198 auct.
849 2137 986 2210 inc.,
1044 2136 1149 2195 sed
1193 2136 1448 2197 Horatio
1496 2136 1790 2215 aequaIiS,
1844 2139 1947 2214 qui
2002 2157 2169 2215 prae-

257 2224 422 2285 mitti
467 2226 662 2286 solent
708 2245 752 2285 s.
795 2245 857 2301 x,
905 2225 1117 2301 scripsi
1161 2244 1296 2286 cum
1341 2225 1637 2285 Meinekio
1683 2244 1792 2301 quo
1836 2228 2037 2288 melior
2081 2231 2172 2289 vir

258 2318 312 2389 et
355 2318 452 2382 est,
499 2316 814 2389 praeterea
859 2332 992 2388 cum
1036 2314 1302 2391 Reisigio
1336 2332 1608 2390 puerum.

389 2422 441 2479 1,
491 2405 602 2476 10,
650 2406 731 2463 27
791 2404 990 2464 obtime
1032 2402 1112 2477 Β,
1158 2403 1245 2476 M,
1292 2404 1501 2463 oblitus
1544 2423 1600 2463 v.

396 2492 495 2564 10,
538 2494 618 2551 73
649 2510 772 2567 sqq.
809 2494 988 2566 fuerit
1021 2493 1277 2552 limatior
1310 2493 1461 2554 idem
1497 2510 1671 2566 qaam
1704 2494 1871 2553 rudis
1906 2496 1958 2551 et
1986 2491 2170 2553 Grae-

259 2581 342 2638 cis
377 2581 580 2639 intacti
616 2582 891 2640 carminis
926 2584 1123 2640 auctor
1159 2599 1209 2653 q.
1227 2598 1295 2654 p.
1322 2598 1368 2641 s.
1398 2584 1433 2640 t.
1502 2580 1616 2639 Hic
1652 2580 1825 2655 quasi
1857 2580 1922 2640 in
1958 2582 2168 2641 turbas

260 2670 322 2725 et
374 2667 663 2727 factiones
721 2668 1031 2728 discedunt
1084 2668 1269 2744 docti3
1327 2686 1469 2727 nam
1524 2669 1627 2728 alii
1681 2686 1815 2727 cum
1871 2665 2167 2729 Meinekio

261 2746 352 2834 (id
407 2756 565 2831 quod
620 2757 837 2831 praeiit
891 2755 954 2817 G.
995 2757 1094 2818 Fr.
1140 2751 1550 2835 Hermannus)
1595 2767 1596 2776 ¹
1604 2759 1820 2831 putant
1873 2756 2170 2816 Lucilium

178 2871 183 2880 *
258 2843 373 2902 dici
421 2845 726 2904 auctorem
772 2848 1038 2921 saturae,
1093 2845 1336 2920 quidam
1386 2864 1522 2903 cum
1565 2844 1957 2920 Bernhardyo
2007 2842 2091 2920 [h.
2127 2846 2166 2904 l.

256 2931 325 2992 L.
370 2951 472 3009 pg.
512 2934 636 2992 551
687 2932 778 2991 ed.
819 2930 886 3009 3]
942 2933 1200 2992 Ennium
1255 2933 1634 2992 existumant.
1725 2931 1871 2992 Mihi
1928 2934 2169 3010 quidem

256 3021 410 3079 hanc
455 3021 626 3079 unice
673 3040 879 3092 veram
924 3040 1055 3081 esse
1100 3021 1552 3097 explicationem
1601 3024 1697 3081 sat
1736 3024 1988 3083 constat.
2063 3022 2165 3080 Vi·

257 3107 477 3187 denda,
523 3127 676 3186 quae
723 3109 844 3168 dixi
889 3128 1095 3169 comm.
1137 3110 1325 3172 Lucil.
1365 3130 1464 3188 pg.
1510 3112 1655 3170 295.

387 3214 477 3275 Ib.
525 3216 607 3274 86
656 3214 870 3276 Bibule
906 3216 1213 3289 Muretus,
1257 3215 1348 3293 B.‚
1395 3215 1490 3288 M„
1537 3216 1745 3275 Bibuli
1788 3235 1844 3275 v.

391 3320 514 3380 Sat.
549 3340 617 3394 11,
667 3325 722 3398 1,
765 3323 848 3382 39
906 3323 1007 3382 sed
1049 3323 1140 3380 hic
1183 3323 1351 3381 stilus
1395 3322 1554 3381 haud
1586 3326 1743 3395 petet
1783 3323 1935 3382 ultro
1979 3340 2167 3397 quem·

185 3423 190 3427 ·
257 3424 434 3480 quam
478 3412 844 3470 animantem.
926 3409 1301 3469 Monacensis
1346 3408 1777 3486 Porphyrionis
1822 3411 1959 3471 hau.
2047 3410 2164 3471 No-
