<?xml version="1.0" encoding="UTF-8"?>
<!DOCTYPE html PUBLIC "-//W3C//DTD XHTML 1.0 Transitional//EN"
    "http://www.w3.org/TR/xhtml1/DTD/xhtml1-transitional.dtd">
<html xmlns="http://www.w3.org/1999/xhtml" xml:lang="en" lang="en">
 <head>
  <title>
</title>
<meta http-equiv="Content-Type" content="text/html;charset=utf-8" />
  <meta name='ocr-system' content='tesseract 3.04.00' />
  <meta name='ocr-capabilities' content='ocr_page ocr_carea ocr_par ocr_line ocrx_word'/>
</head>
<body>
  <div class='ocr_page' id='page_1' title='image "./carmina00horagoog_0062.png"; bbox 0 0 2514 3950; ppageno 0'>
   <div class='ocr_carea' id='block_1_1' title="bbox 351 157 1586 215">
    <p class='ocr_par' dir='ltr' id='par_1_1' title="bbox 351 157 1586 215">
     <span class='ocr_line' id='line_1_1' title="bbox 351 157 1586 215; baseline -0.003 -1"><span class='ocrx_word' id='word_1_1' title='bbox 351 161 477 215; x_wconf 87' lang='lat' dir='ltr'><strong>LVI</strong></span> <span class='ocrx_word' id='word_1_2' title='bbox 1019 157 1586 214; x_wconf 78' lang='lat' dir='ltr'>PROLEGOMENA.</span> 
     </span>
    </p>
   </div>
   <div class='ocr_carea' id='block_1_2' title="bbox 349 306 2280 3475">
    <p class='ocr_par' dir='ltr' id='par_1_2' title="bbox 351 306 2269 473">
     <span class='ocr_line' id='line_1_2' title="bbox 351 306 2269 384; baseline -0.003 -14"><span class='ocrx_word' id='word_1_3' title='bbox 351 310 603 370; x_wconf 87' lang='lat' dir='ltr'><strong>tandum</strong></span> <span class='ocrx_word' id='word_1_4' title='bbox 659 313 856 369; x_wconf 85' lang='lat' dir='ltr'><strong>autem</strong></span> <span class='ocrx_word' id='word_1_5' title='bbox 915 308 1059 368; x_wconf 88' lang='lat' dir='ltr'><strong>Hor.</strong></span> <span class='ocrx_word' id='word_1_6' title='bbox 1115 325 1440 384; x_wconf 80' lang='lat' dir='ltr'><strong>numquam</strong></span> <span class='ocrx_word' id='word_1_7' title='bbox 1494 308 1560 366; x_wconf 89' lang='lat' dir='ltr'><strong>in</strong></span> <span class='ocrx_word' id='word_1_8' title='bbox 1607 306 1813 383; x_wconf 81' lang='lat' dir='ltr'><strong>lyricis</strong></span> <span class='ocrx_word' id='word_1_9' title='bbox 1863 308 1957 367; x_wconf 89' lang='lat' dir='ltr'><strong>uti</strong></span> <span class='ocrx_word' id='word_1_10' title='bbox 2008 308 2120 367; x_wconf 82' lang='lat' dir='ltr'><strong>hoc</strong></span> <span class='ocrx_word' id='word_1_11' title='bbox 2163 307 2269 365; x_wconf 87' lang='lat' dir='ltr'><strong>ad-</strong></span> 
     </span>
     <span class='ocr_line' id='line_1_3' title="bbox 352 397 1635 473; baseline -0.003 -15"><span class='ocrx_word' id='word_1_12' title='bbox 352 399 587 472; x_wconf 81' lang='lat' dir='ltr'><strong>verbio,</strong></span> <span class='ocrx_word' id='word_1_13' title='bbox 633 416 749 473; x_wconf 93' lang='lat' dir='ltr'><strong>quo</strong></span> <span class='ocrx_word' id='word_1_14' title='bbox 795 400 858 457; x_wconf 88' lang='lat' dir='ltr'><strong>et</strong></span> <span class='ocrx_word' id='word_1_15' title='bbox 903 397 1008 456; x_wconf 87' lang='lat' dir='ltr'><strong>alii</strong></span> <span class='ocrx_word' id='word_1_16' title='bbox 1053 397 1361 456; x_wconf 84' lang='lat' dir='ltr'><strong>abstinent</strong></span> <span class='ocrx_word' id='word_1_17' title='bbox 1404 397 1635 471; x_wconf 87' lang='lat' dir='ltr'><strong>poetae.</strong></span> 
     </span>
    </p>

    <p class='ocr_par' dir='ltr' id='par_1_3' title="bbox 355 483 2266 723">
     <span class='ocr_line' id='line_1_4' title="bbox 492 483 2266 560; baseline -0.002 -14"><span class='ocrx_word' id='word_1_18' title='bbox 492 490 547 560; x_wconf 90' lang='lat'><strong>1,</strong></span> <span class='ocrx_word' id='word_1_19' title='bbox 589 489 669 546; x_wconf 84' lang='lat'><strong>68</strong></span> <span class='ocrx_word' id='word_1_20' title='bbox 707 488 1056 559; x_wconf 79' lang='lat' dir='ltr'><strong><em>famosisque</em></strong></span> <span class='ocrx_word' id='word_1_21' title='bbox 1090 485 1266 558; x_wconf 65' lang='lat' dir='ltr'><strong>Lupo</strong></span> <span class='ocrx_word' id='word_1_22' title='bbox 1302 489 1559 557; x_wconf 75' lang='lat' dir='ltr'><strong>cooperto</strong></span> <span class='ocrx_word' id='word_1_23' title='bbox 1597 486 1872 544; x_wconf 78' lang='lat' dir='ltr'><strong>versibus.</strong></span> <span class='ocrx_word' id='word_1_24' title='bbox 1943 483 2042 544; x_wconf 83' lang='lat' dir='ltr'><strong>Ita</strong></span> <span class='ocrx_word' id='word_1_25' title='bbox 2085 503 2266 544; x_wconf 90' lang='lat' dir='ltr'><strong>mem-</strong></span> 
     </span>
     <span class='ocr_line' id='line_1_5' title="bbox 355 571 2265 648; baseline -0.002 -14"><span class='ocrx_word' id='word_1_26' title='bbox 355 576 592 648; x_wconf 80' lang='lat' dir='ltr'>branae,</span> <span class='ocrx_word' id='word_1_27' title='bbox 638 593 748 634; x_wconf 88' lang='lat' dir='ltr'><strong>nec</strong></span> <span class='ocrx_word' id='word_1_28' title='bbox 790 575 1040 634; x_wconf 81' lang='lat' dir='ltr'><strong>mutavi.</strong></span> <span class='ocrx_word' id='word_1_29' title='bbox 1128 572 1249 632; x_wconf 86' lang='lat' dir='ltr'><strong>Sed</strong></span> <span class='ocrx_word' id='word_1_30' title='bbox 1292 572 1801 648; x_wconf 86' lang='lat' dir='ltr'><strong>pronuntiandum</strong></span> <span class='ocrx_word' id='word_1_31' title='bbox 1848 577 2086 647; x_wconf 79' lang='lat' dir='ltr'><strong>coperto.</strong></span> <span class='ocrx_word' id='word_1_32' title='bbox 2176 571 2265 632; x_wconf 82' lang='lat' dir='ltr'><strong>cf.</strong></span> 
     </span>
     <span class='ocr_line' id='line_1_6' title="bbox 355 664 796 723; baseline -0.002 0"><span class='ocrx_word' id='word_1_33' title='bbox 355 664 410 723; x_wconf 86' lang='lat' dir='ltr'><strong>d.</strong></span> <span class='ocrx_word' id='word_1_34' title='bbox 446 684 494 721; x_wconf 86' lang='lat' dir='ltr'><strong>r.</strong></span> <span class='ocrx_word' id='word_1_35' title='bbox 530 683 610 722; x_wconf 90' lang='lat' dir='ltr'><strong>m.</strong></span> <span class='ocrx_word' id='word_1_36' title='bbox 651 664 796 723; x_wconf 84' lang='lat'><strong>253.</strong></span> 
     </span>
    </p>

    <p class='ocr_par' dir='ltr' id='par_1_4' title="bbox 354 748 2269 1089">
     <span class='ocr_line' id='line_1_7' title="bbox 487 748 2269 827; baseline -0.002 -16"><span class='ocrx_word' id='word_1_37' title='bbox 487 751 546 813; x_wconf 88' lang='lat' dir='ltr'><strong>S.</strong></span> <span class='ocrx_word' id='word_1_38' title='bbox 573 771 637 826; x_wconf 88' lang='lat'><strong>11,</strong></span> <span class='ocrx_word' id='word_1_39' title='bbox 680 754 737 827; x_wconf 83' lang='lat'><strong>2,</strong></span> <span class='ocrx_word' id='word_1_40' title='bbox 770 753 870 827; x_wconf 83' lang='lat'><strong>12,</strong></span> <span class='ocrx_word' id='word_1_41' title='bbox 903 752 983 808; x_wconf 85' lang='lat'><strong>13</strong></span> <span class='ocrx_word' id='word_1_42' title='bbox 1025 749 1368 809; x_wconf 82' lang='lat' dir='ltr'><strong>scribendos</strong></span> <span class='ocrx_word' id='word_1_43' title='bbox 1404 767 1537 808; x_wconf 89' lang='lat' dir='ltr'><strong>esse</strong></span> <span class='ocrx_word' id='word_1_44' title='bbox 1575 748 1660 807; x_wconf 84' lang='lat' dir='ltr'><strong>sio</strong></span> <span class='ocrx_word' id='word_1_45' title='bbox 1694 766 1798 808; x_wconf 82' lang='lat' dir='ltr'><strong>seu</strong></span> <span class='ocrx_word' id='word_1_46' title='bbox 1834 754 1885 808; x_wconf 76' lang='lat' dir='ltr'><strong>te</strong></span> <span class='ocrx_word' id='word_1_47' title='bbox 1920 750 2112 808; x_wconf 62' lang='lat' dir='ltr'><strong>discus</strong></span> <span class='ocrx_word' id='word_1_48' title='bbox 2147 751 2269 823; x_wconf 76' lang='lat' dir='ltr'><strong>ayit</strong></span> 
     </span>
     <span class='ocr_line' id='line_1_8' title="bbox 354 833 2266 915; baseline -0.002 -15"><span class='ocrx_word' id='word_1_49' title='bbox 354 839 511 915; x_wconf 76' lang='lat' dir='ltr'><strong>[pete</strong></span> <span class='ocrx_word' id='word_1_50' title='bbox 556 840 836 899; x_wconf 77' lang='lat' dir='ltr'><strong><em>cedentem</em></strong></span> <span class='ocrx_word' id='word_1_51' title='bbox 881 855 1023 897; x_wconf 85' lang='lat' dir='ltr'><strong>aera</strong></span> <span class='ocrx_word' id='word_1_52' title='bbox 1067 839 1222 897; x_wconf 76' lang='lat' dir='ltr'><strong>diseo</strong></span> <span class='ocrx_word' id='word_1_53' title='bbox 1266 838 1511 896; x_wconf 78' lang='lat' dir='ltr'><strong>molliter</strong></span> <span class='ocrx_word' id='word_1_54' title='bbox 1556 833 1886 910; x_wconf 76' lang='lat' dir='ltr'><strong>austerum]</strong></span> <span class='ocrx_word' id='word_1_55' title='bbox 1928 838 2119 897; x_wconf 79' lang='lat' dir='ltr'><strong>studio</strong></span> <span class='ocrx_word' id='word_1_56' title='bbox 2153 839 2266 910; x_wconf 79' lang='lat' dir='ltr'><strong>fal-</strong></span> 
     </span>
     <span class='ocr_line' id='line_1_9' title="bbox 356 924 2266 1001; baseline -0.001 -14"><span class='ocrx_word' id='word_1_57' title='bbox 356 930 500 988; x_wconf 74' lang='lat' dir='ltr'><strong>lente</strong></span> <span class='ocrx_word' id='word_1_58' title='bbox 553 929 831 1000; x_wconf 84' lang='lat' dir='ltr'><strong>laborem,</strong></span> <span class='ocrx_word' id='word_1_59' title='bbox 887 927 959 984; x_wconf 91' lang='lat' dir='ltr'><strong>ut</strong></span> <span class='ocrx_word' id='word_1_60' title='bbox 1011 925 1238 1000; x_wconf 80' lang='lat' dir='ltr'><strong>placuit</strong></span> <span class='ocrx_word' id='word_1_61' title='bbox 1283 924 1717 1001; x_wconf 79' lang='lat' dir='ltr'><strong>PeerlcampiO,</strong></span> <span class='ocrx_word' id='word_1_62' title='bbox 1773 924 1896 984; x_wconf 85' lang='lat' dir='ltr'><strong>dixi</strong></span> <span class='ocrx_word' id='word_1_63' title='bbox 1939 925 2075 985; x_wconf 85' lang='lat' dir='ltr'><strong>leet.</strong></span> <span class='ocrx_word' id='word_1_64' title='bbox 2122 925 2266 985; x_wconf 91' lang='lat' dir='ltr'><strong>Hor.</strong></span> 
     </span>
     <span class='ocr_line' id='line_1_10' title="bbox 360 1017 1792 1089; baseline -0.002 -13"><span class='ocrx_word' id='word_1_65' title='bbox 360 1017 485 1076; x_wconf 84' lang='lat'><strong>705</strong></span> <span class='ocrx_word' id='word_1_66' title='bbox 500 1061 516 1089; x_wconf 93' lang='lat'><strong>‚</strong></span> <span class='ocrx_word' id='word_1_67' title='bbox 567 1018 621 1074; x_wconf 89' lang='grc'><strong>6.</strong></span> <span class='ocrx_word' id='word_1_68' title='bbox 1788 1061 1792 1065; x_wconf 79' lang='lat'><strong>.</strong></span> 
     </span>
    </p>

    <p class='ocr_par' dir='ltr' id='par_1_5' title="bbox 349 1102 2280 3475">
     <span class='ocr_line' id='line_1_11' title="bbox 494 1102 2269 1177; baseline 0 -15"><span class='ocrx_word' id='word_1_69' title='bbox 494 1106 551 1176; x_wconf 85' lang='lat'><strong>2,</strong></span> <span class='ocrx_word' id='word_1_70' title='bbox 601 1106 700 1177; x_wconf 84' lang='lat'><strong>29,</strong></span> <span class='ocrx_word' id='word_1_71' title='bbox 748 1104 833 1162; x_wconf 87' lang='lat'><strong>30</strong></span> <span class='ocrx_word' id='word_1_72' title='bbox 879 1119 1054 1162; x_wconf 73' lang='lat' dir='ltr'><strong>earne</strong></span> <span class='ocrx_word' id='word_1_73' title='bbox 1097 1106 1290 1163; x_wconf 80' lang='lat' dir='ltr'><strong>tamen</strong></span> <span class='ocrx_word' id='word_1_74' title='bbox 1333 1105 1598 1175; x_wconf 76' lang='lat' dir='ltr'><strong>quamvis</strong></span> <span class='ocrx_word' id='word_1_75' title='bbox 1633 1103 1811 1162; x_wconf 75' lang='lat' dir='ltr'><strong>distat</strong></span> <span class='ocrx_word' id='word_1_76' title='bbox 1843 1103 1947 1170; x_wconf 78' lang='lat' dir='ltr'><strong>nil,</strong></span> <span class='ocrx_word' id='word_1_77' title='bbox 1992 1102 2102 1162; x_wconf 78' lang='lat' dir='ltr'><strong>hae</strong></span> <span class='ocrx_word' id='word_1_78' title='bbox 2143 1121 2269 1162; x_wconf 85' lang='lat' dir='ltr'><strong>ma-</strong></span> 
     </span>
     <span class='ocr_line' id='line_1_12' title="bbox 353 1191 2270 1266; baseline -0.002 -13"><span class='ocrx_word' id='word_1_79' title='bbox 353 1195 445 1266; x_wconf 74' lang='lat' dir='ltr'><strong>qis</strong></span> <span class='ocrx_word' id='word_1_80' title='bbox 487 1193 654 1253; x_wconf 80' lang='lat' dir='ltr'><strong>illam</strong></span> <span class='ocrx_word' id='word_1_81' title='bbox 697 1192 1005 1265; x_wconf 75' lang='lat' dir='ltr'><strong>inparibus</strong></span> <span class='ocrx_word' id='word_1_82' title='bbox 1047 1192 1255 1264; x_wconf 76' lang='lat' dir='ltr'><strong>formis</strong></span> <span class='ocrx_word' id='word_1_83' title='bbox 1300 1191 1590 1264; x_wconf 75' lang='lat' dir='ltr'><strong>deceptum</strong></span> <span class='ocrx_word' id='word_1_84' title='bbox 1635 1194 1686 1249; x_wconf 84' lang='lat' dir='ltr'><strong>te</strong></span> <span class='ocrx_word' id='word_1_85' title='bbox 1718 1191 1948 1263; x_wconf 76' lang='lat' dir='ltr'><strong>petere!</strong></span> <span class='ocrx_word' id='word_1_86' title='bbox 1993 1196 2121 1251; x_wconf 77' lang='lat' dir='ltr'><strong>esto.</strong></span> <span class='ocrx_word' id='word_1_87' title='bbox 2194 1191 2270 1250; x_wconf 92' lang='lat' dir='ltr'><strong>In</strong></span> 
     </span>
     <span class='ocr_line' id='line_1_13' title="bbox 357 1277 2270 1355; baseline -0.001 -16"><span class='ocrx_word' id='word_1_88' title='bbox 357 1282 470 1340; x_wconf 83' lang='lat' dir='ltr'><strong>hoc</strong></span> <span class='ocrx_word' id='word_1_89' title='bbox 513 1281 642 1341; x_wconf 81' lang='lat' dir='ltr'><strong>loco</strong></span> <span class='ocrx_word' id='word_1_90' title='bbox 691 1279 1035 1355; x_wconf 83' lang='lat' dir='ltr'><strong>explicando</strong></span> <span class='ocrx_word' id='word_1_91' title='bbox 1072 1297 1320 1354; x_wconf 87' lang='lat' dir='ltr'><strong>prorsus</strong></span> <span class='ocrx_word' id='word_1_92' title='bbox 1357 1279 1507 1336; x_wconf 90' lang='lat' dir='ltr'><strong>mihi</strong></span> <span class='ocrx_word' id='word_1_93' title='bbox 1544 1277 2015 1337; x_wconf 87' lang='lat' dir='ltr'><strong>dissentiendum</strong></span> <span class='ocrx_word' id='word_1_94' title='bbox 2051 1297 2088 1337; x_wconf 90' lang='lat' dir='ltr'><strong>a</strong></span> <span class='ocrx_word' id='word_1_95' title='bbox 2124 1279 2270 1338; x_wconf 85' lang='lat' dir='ltr'><strong>Mei-</strong></span> 
     </span>
     <span class='ocr_line' id='line_1_14' title="bbox 357 1366 2272 1443; baseline -0.001 -15"><span class='ocrx_word' id='word_1_96' title='bbox 357 1368 548 1429; x_wconf 87' lang='lat' dir='ltr'><strong>nekio.</strong></span> <span class='ocrx_word' id='word_1_97' title='bbox 612 1368 703 1428; x_wconf 85' lang='lat' dir='ltr'><strong>Ac</strong></span> <span class='ocrx_word' id='word_1_98' title='bbox 738 1368 998 1443; x_wconf 88' lang='lat' dir='ltr'><strong>primum</strong></span> <span class='ocrx_word' id='word_1_99' title='bbox 1033 1366 1276 1441; x_wconf 90' lang='lat' dir='ltr'><strong>quidem</strong></span> <span class='ocrx_word' id='word_1_100' title='bbox 1311 1384 1467 1442; x_wconf 85' lang='lat' dir='ltr'><strong>nego</strong></span> <span class='ocrx_word' id='word_1_101' title='bbox 1505 1384 1575 1426; x_wconf 83' lang='lat' dir='ltr'><strong>ao</strong></span> <span class='ocrx_word' id='word_1_102' title='bbox 1610 1384 1891 1443; x_wconf 82' lang='lat' dir='ltr'><strong>pernego,</strong></span> <span class='ocrx_word' id='word_1_103' title='bbox 1930 1367 2090 1441; x_wconf 92' lang='lat' dir='ltr'><strong>quod</strong></span> <span class='ocrx_word' id='word_1_104' title='bbox 2125 1367 2272 1428; x_wconf 82' lang='lat' dir='ltr'><strong>dicit</strong></span> 
     </span>
     <span class='ocr_line' id='line_1_15' title="bbox 357 1453 2271 1533; baseline -0.001 -17"><span class='ocrx_word' id='word_1_105' title='bbox 357 1457 783 1533; x_wconf 77' lang='lat' dir='ltr'><strong>interpolatam</strong></span> <span class='ocrx_word' id='word_1_106' title='bbox 828 1473 959 1516; x_wconf 89' lang='lat' dir='ltr'><strong>esse</strong></span> <span class='ocrx_word' id='word_1_107' title='bbox 1005 1473 1074 1514; x_wconf 83' lang='lat' dir='ltr'><strong>ae</strong></span> <span class='ocrx_word' id='word_1_108' title='bbox 1117 1453 1348 1513; x_wconf 89' lang='lat' dir='ltr'><strong>fraudis</strong></span> <span class='ocrx_word' id='word_1_109' title='bbox 1393 1453 1771 1514; x_wconf 76' lang='lat' dir='ltr'><strong>manifestam</strong></span> <span class='ocrx_word' id='word_1_110' title='bbox 1816 1473 1995 1530; x_wconf 91' lang='lat' dir='ltr'><strong>quam</strong></span> <span class='ocrx_word' id='word_1_111' title='bbox 2031 1474 2141 1516; x_wconf 88' lang='lat' dir='ltr'><strong>nos</strong></span> <span class='ocrx_word' id='word_1_112' title='bbox 2176 1475 2271 1515; x_wconf 89' lang='lat' dir='ltr'><strong>re-</strong></span> 
     </span>
     <span class='ocr_line' id='line_1_16' title="bbox 359 1542 2271 1621; baseline -0.001 -15"><span class='ocrx_word' id='word_1_113' title='bbox 359 1546 623 1621; x_wconf 78' lang='lat' dir='ltr'><strong>cepimus</strong></span> <span class='ocrx_word' id='word_1_114' title='bbox 668 1542 1157 1620; x_wconf 81' lang='lat' dir='ltr'><strong>dittographiam.</strong></span> <span class='ocrx_word' id='word_1_115' title='bbox 1246 1542 1405 1602; x_wconf 85' lang='lat' dir='ltr'><strong>Nam</strong></span> <span class='ocrx_word' id='word_1_116' title='bbox 1449 1543 1522 1602; x_wconf 91' lang='lat' dir='ltr'><strong>ut</strong></span> <span class='ocrx_word' id='word_1_117' title='bbox 1562 1543 1683 1603; x_wconf 84' lang='lat' dir='ltr'><strong>alia</strong></span> <span class='ocrx_word' id='word_1_118' title='bbox 1727 1543 2070 1603; x_wconf 83' lang='lat' dir='ltr'><strong>testimonia</strong></span> <span class='ocrx_word' id='word_1_119' title='bbox 2115 1545 2271 1604; x_wconf 82' lang='lat' dir='ltr'><strong>eodi-</strong></span> 
     </span>
     <span class='ocr_line' id='line_1_17' title="bbox 360 1631 2265 1709; baseline -0.001 -16"><span class='ocrx_word' id='word_1_120' title='bbox 360 1653 495 1693; x_wconf 85' lang='lat' dir='ltr'><strong>oum</strong></span> <span class='ocrx_word' id='word_1_121' title='bbox 546 1633 789 1692; x_wconf 89' lang='lat' dir='ltr'><strong>minime</strong></span> <span class='ocrx_word' id='word_1_122' title='bbox 844 1631 1312 1707; x_wconf 81' lang='lat' dir='ltr'><strong>spernendorum</strong></span> <span class='ocrx_word' id='word_1_123' title='bbox 1365 1632 1629 1707; x_wconf 85' lang='lat' dir='ltr'><strong>mittam,</strong></span> <span class='ocrx_word' id='word_1_124' title='bbox 1689 1636 1942 1707; x_wconf 85' lang='lat' dir='ltr'><strong>apparet</strong></span> <span class='ocrx_word' id='word_1_125' title='bbox 1994 1632 2265 1709; x_wconf 83' lang='lat' dir='ltr'><strong>Porphy-</strong></span> 
     </span>
     <span class='ocr_line' id='line_1_18' title="bbox 358 1719 2271 1797; baseline 0.001 -16"><span class='ocrx_word' id='word_1_126' title='bbox 358 1723 587 1781; x_wconf 90' lang='lat' dir='ltr'><strong>rionem</strong></span> <span class='ocrx_word' id='word_1_127' title='bbox 642 1719 862 1797; x_wconf 81' lang='lat' dir='ltr'><strong>legisse</strong></span> <span class='ocrx_word' id='word_1_128' title='bbox 917 1720 981 1778; x_wconf 91' lang='lat' dir='ltr'><strong>id</strong></span> <span class='ocrx_word' id='word_1_129' title='bbox 1034 1720 1193 1796; x_wconf 92' lang='lat' dir='ltr'><strong>quod</strong></span> <span class='ocrx_word' id='word_1_130' title='bbox 1234 1738 1344 1780; x_wconf 90' lang='lat' dir='ltr'><strong>nos</strong></span> <span class='ocrx_word' id='word_1_131' title='bbox 1388 1720 1724 1795; x_wconf 76' lang='lat' dir='ltr'><strong>posuimuS,</strong></span> <span class='ocrx_word' id='word_1_132' title='bbox 1780 1720 1999 1796; x_wconf 89' lang='lat' dir='ltr'><strong>quippe</strong></span> <span class='ocrx_word' id='word_1_133' title='bbox 2045 1722 2149 1797; x_wconf 89' lang='lat' dir='ltr'><strong>qui</strong></span> <span class='ocrx_word' id='word_1_134' title='bbox 2192 1722 2271 1782; x_wconf 85' lang='lat' dir='ltr'><strong>ad</strong></span> 
     </span>
     <span class='ocr_line' id='line_1_19' title="bbox 358 1809 2272 1881; baseline 0.001 -12"><span class='ocrx_word' id='word_1_135' title='bbox 358 1811 466 1869; x_wconf 88' lang='lat' dir='ltr'><strong>illa</strong></span> <span class='ocrx_word' id='word_1_136' title='bbox 490 1822 687 1870; x_wconf 52' lang='lat' dir='ltr'><strong>*earne</strong></span> <span class='ocrx_word' id='word_1_137' title='bbox 730 1812 922 1867; x_wconf 77' lang='lat' dir='ltr'><strong>tamen</strong></span> <span class='ocrx_word' id='word_1_138' title='bbox 965 1810 1229 1881; x_wconf 78' lang='lat' dir='ltr'><strong>quamvis</strong></span> <span class='ocrx_word' id='word_1_139' title='bbox 1273 1809 1445 1867; x_wconf 87' lang='lat' dir='ltr'><strong>notet</strong></span> <span class='ocrx_word' id='word_1_140' title='bbox 1488 1809 1660 1867; x_wconf 83' lang='lat' dir='ltr'><strong>haec:</strong></span> <span class='ocrx_word' id='word_1_141' title='bbox 1707 1826 1882 1869; x_wconf 80' lang='lat' dir='ltr'><strong>earne</strong></span> <span class='ocrx_word' id='word_1_142' title='bbox 1927 1814 2118 1869; x_wconf 74' lang='lat' dir='ltr'><strong>tamen</strong></span> <span class='ocrx_word' id='word_1_143' title='bbox 2161 1811 2272 1871; x_wconf 81' lang='lat' dir='ltr'><strong>hac</strong></span> 
     </span>
     <span class='ocr_line' id='line_1_20' title="bbox 363 1888 2272 1979; baseline 0.001 -22"><span class='ocrx_word' id='word_1_144' title='bbox 363 1891 544 1979; x_wconf 85' lang='lat' dir='ltr'><strong>(hane</strong></span> <span class='ocrx_word' id='word_1_145' title='bbox 591 1888 776 1978; x_wconf 88' lang='lat' dir='ltr'><strong>Mon.)</strong></span> <span class='ocrx_word' id='word_1_146' title='bbox 831 1899 1019 1972; x_wconf 71' lang='lat' dir='ltr'><strong>maqis</strong></span> <span class='ocrx_word' id='word_1_147' title='bbox 1068 1898 1234 1956; x_wconf 81' lang='lat' dir='ltr'><strong>illam</strong></span> <span class='ocrx_word' id='word_1_148' title='bbox 1275 1901 1472 1972; x_wconf 76' lang='lat' dir='ltr'><strong>petere</strong></span> <span class='ocrx_word' id='word_1_149' title='bbox 1524 1901 1577 1956; x_wconf 81' lang='lat' dir='ltr'><strong>te</strong></span> <span class='ocrx_word' id='word_1_150' title='bbox 1628 1898 1918 1971; x_wconf 76' lang='lat' dir='ltr'><strong>deceptwm</strong></span> <span class='ocrx_word' id='word_1_151' title='bbox 1962 1900 2272 1972; x_wconf 75' lang='lat' dir='ltr'><strong>inparibus</strong></span> 
     </span>
     <span class='ocr_line' id='line_1_21' title="bbox 359 1985 2269 2063; baseline 0.001 -16"><span class='ocrx_word' id='word_1_152' title='bbox 359 1989 580 2062; x_wconf 78' lang='lat' dir='ltr'><strong>formis,</strong></span> <span class='ocrx_word' id='word_1_153' title='bbox 627 1989 890 2061; x_wconf 77' lang='lat' dir='ltr'><strong>quamvis</strong></span> <span class='ocrx_word' id='word_1_154' title='bbox 933 1987 1079 2046; x_wconf 70' lang='lat' dir='ltr'><strong>nihil</strong></span> <span class='ocrx_word' id='word_1_155' title='bbox 1122 1988 1304 2063; x_wconf 77' lang='lat' dir='ltr'><strong>distet,</strong></span> <span class='ocrx_word' id='word_1_156' title='bbox 1352 1991 1483 2046; x_wconf 76' lang='lat' dir='ltr'><strong>esto·</strong></span> <span class='ocrx_word' id='word_1_157' title='bbox 1558 1985 1748 2055; x_wconf 83' lang='lat' dir='ltr'><strong>Quem</strong></span> <span class='ocrx_word' id='word_1_158' title='bbox 1792 1986 1960 2047; x_wconf 86' lang='lat' dir='ltr'><strong>vides</strong></span> <span class='ocrx_word' id='word_1_159' title='bbox 2002 1988 2269 2063; x_wconf 85' lang='lat' dir='ltr'><strong>praeisse</strong></span> 
     </span>
     <span class='ocr_line' id='line_1_22' title="bbox 360 2074 2272 2152; baseline 0 -16"><span class='ocrx_word' id='word_1_160' title='bbox 360 2074 583 2136; x_wconf 87' lang='lat' dir='ltr'><strong>Orellio</strong></span> <span class='ocrx_word' id='word_1_161' title='bbox 645 2076 1202 2152; x_wconf 69' lang='lat' dir='ltr'><strong>interpretationem</strong></span> <span class='ocrx_word' id='word_1_162' title='bbox 1265 2076 1470 2150; x_wconf 89' lang='lat' dir='ltr'><strong>istam,</strong></span> <span class='ocrx_word' id='word_1_163' title='bbox 1543 2093 1723 2149; x_wconf 89' lang='lat' dir='ltr'><strong>quam</strong></span> <span class='ocrx_word' id='word_1_164' title='bbox 1787 2076 1998 2134; x_wconf 88' lang='lat' dir='ltr'><strong>merito</strong></span> <span class='ocrx_word' id='word_1_165' title='bbox 2062 2077 2272 2137; x_wconf 84' lang='lat' dir='ltr'><strong>reiecit</strong></span> 
     </span>
     <span class='ocr_line' id='line_1_23' title="bbox 358 2160 2271 2237; baseline 0 -14"><span class='ocrx_word' id='word_1_166' title='bbox 358 2165 438 2224; x_wconf 90' lang='lat' dir='ltr'><strong>M.</strong></span> <span class='ocrx_word' id='word_1_167' title='bbox 492 2165 815 2223; x_wconf 77' lang='lat' dir='ltr'><strong>Ptaeterea</strong></span> <span class='ocrx_word' id='word_1_168' title='bbox 865 2164 1023 2222; x_wconf 83' lang='lat' dir='ltr'><strong>Acro</strong></span> <span class='ocrx_word' id='word_1_169' title='bbox 1085 2181 1197 2237; x_wconf 88' lang='lat' dir='ltr'><strong>pro</strong></span> <span class='ocrx_word' id='word_1_170' title='bbox 1256 2160 1495 2221; x_wconf 82' lang='lat' dir='ltr'><strong>diversa</strong></span> <span class='ocrx_word' id='word_1_171' title='bbox 1552 2162 1804 2222; x_wconf 82' lang='lat' dir='ltr'><strong>lectione</strong></span> <span class='ocrx_word' id='word_1_172' title='bbox 1861 2166 2155 2223; x_wconf 87' lang='lat' dir='ltr'><strong>memorat</strong></span> <span class='ocrx_word' id='word_1_173' title='bbox 2206 2165 2271 2223; x_wconf 89' lang='lat' dir='ltr'><strong>id</strong></span> 
     </span>
     <span class='ocr_line' id='line_1_24' title="bbox 357 2247 2272 2328; baseline 0.001 -18"><span class='ocrx_word' id='word_1_174' title='bbox 357 2252 518 2328; x_wconf 92' lang='lat' dir='ltr'><strong>quod</strong></span> <span class='ocrx_word' id='word_1_175' title='bbox 560 2254 653 2310; x_wconf 90' lang='lat' dir='ltr'><strong>est</strong></span> <span class='ocrx_word' id='word_1_176' title='bbox 704 2252 871 2310; x_wconf 79' lang='lat' dir='ltr'><strong>illam</strong></span> <span class='ocrx_word' id='word_1_177' title='bbox 911 2254 1123 2325; x_wconf 75' lang='lat' dir='ltr'><strong>petere.</strong></span> <span class='ocrx_word' id='word_1_178' title='bbox 1214 2247 1399 2309; x_wconf 83' lang='lat' dir='ltr'><strong>C&#39;uius</strong></span> <span class='ocrx_word' id='word_1_179' title='bbox 1443 2250 1520 2308; x_wconf 87' lang='lat' dir='ltr'><strong>ad</strong></span> <span class='ocrx_word' id='word_1_180' title='bbox 1568 2272 1624 2311; x_wconf 81' lang='lat' dir='ltr'><strong>v.</strong></span> <span class='ocrx_word' id='word_1_181' title='bbox 1675 2253 1755 2310; x_wconf 84' lang='lat'><strong>29</strong></span> <span class='ocrx_word' id='word_1_182' title='bbox 1806 2253 2017 2311; x_wconf 89' lang='lat' dir='ltr'><strong>notata</strong></span> <span class='ocrx_word' id='word_1_183' title='bbox 2063 2256 2272 2313; x_wconf 80' lang='lat' dir='ltr'><strong>extant</strong></span> 
     </span>
     <span class='ocr_line' id='line_1_25' title="bbox 357 2334 2273 2415; baseline 0.001 -16"><span class='ocrx_word' id='word_1_184' title='bbox 357 2341 529 2401; x_wconf 84' lang='lat' dir='ltr'><strong>haec:</strong></span> <span class='ocrx_word' id='word_1_185' title='bbox 578 2334 729 2413; x_wconf 66' lang='lat' dir='ltr'><strong>wa,</strong></span> <span class='ocrx_word' id='word_1_186' title='bbox 776 2339 855 2399; x_wconf 86' lang='lat' dir='ltr'><strong>al.</strong></span> <span class='ocrx_word' id='word_1_187' title='bbox 898 2339 1080 2404; x_wconf 81' lang='lat' dir='ltr'><strong>illam,</strong></span> <span class='ocrx_word' id='word_1_188' title='bbox 1129 2355 1250 2396; x_wconf 89' lang='lat' dir='ltr'><strong>non</strong></span> <span class='ocrx_word' id='word_1_189' title='bbox 1295 2337 1496 2414; x_wconf 83' lang='lat' dir='ltr'><strong>distat,</strong></span> <span class='ocrx_word' id='word_1_190' title='bbox 1541 2339 1751 2415; x_wconf 87' lang='lat' dir='ltr'><strong>inquit,</strong></span> <span class='ocrx_word' id='word_1_191' title='bbox 1800 2339 1903 2397; x_wconf 88' lang='lat' dir='ltr'><strong>sed</strong></span> <span class='ocrx_word' id='word_1_192' title='bbox 1948 2340 2080 2399; x_wconf 90' lang='lat' dir='ltr'><strong>ideo</strong></span> <span class='ocrx_word' id='word_1_193' title='bbox 2114 2343 2273 2413; x_wconf 75' lang='lat' dir='ltr'><strong>petis</strong></span> 
     </span>
     <span class='ocr_line' id='line_1_26' title="bbox 357 2419 2273 2504; baseline -0.001 -16"><span class='ocrx_word' id='word_1_194' title='bbox 357 2429 500 2504; x_wconf 90' lang='lat' dir='ltr'><strong>quia</strong></span> <span class='ocrx_word' id='word_1_195' title='bbox 543 2427 735 2486; x_wconf 89' lang='lat' dir='ltr'><strong>maior</strong></span> <span class='ocrx_word' id='word_1_196' title='bbox 780 2419 915 2486; x_wconf 88' lang='lat' dir='ltr'><strong>est&#39;.</strong></span> <span class='ocrx_word' id='word_1_197' title='bbox 1005 2424 1161 2494; x_wconf 84' lang='lat' dir='ltr'><strong>Quid</strong></span> <span class='ocrx_word' id='word_1_198' title='bbox 1215 2427 1372 2501; x_wconf 92' lang='lat' dir='ltr'><strong>quod</strong></span> <span class='ocrx_word' id='word_1_199' title='bbox 1417 2428 1577 2486; x_wconf 91' lang='lat' dir='ltr'><strong>omni</strong></span> <span class='ocrx_word' id='word_1_200' title='bbox 1620 2429 1872 2503; x_wconf 84' lang='lat' dir='ltr'><strong>pignore</strong></span> <span class='ocrx_word' id='word_1_201' title='bbox 1918 2428 2273 2487; x_wconf 86' lang='lat' dir='ltr'><strong>affirmarim</strong></span> 
     </span>
     <span class='ocr_line' id='line_1_27' title="bbox 356 2513 2274 2593; baseline 0 -17"><span class='ocrx_word' id='word_1_202' title='bbox 356 2516 810 2576; x_wconf 85' lang='lat' dir='ltr'><strong>Blandiniorum</strong></span> <span class='ocrx_word' id='word_1_203' title='bbox 863 2513 1158 2573; x_wconf 90' lang='lat' dir='ltr'><strong>librorum</strong></span> <span class='ocrx_word' id='word_1_204' title='bbox 1210 2515 1687 2575; x_wconf 83' lang='lat' dir='ltr'><strong>vetustissimum</strong></span> <span class='ocrx_word' id='word_1_205' title='bbox 1743 2516 2111 2593; x_wconf 88' lang='lat' dir='ltr'><strong>eundemque</strong></span> <span class='ocrx_word' id='word_1_206' title='bbox 2167 2536 2274 2592; x_wconf 89' lang='lat' dir='ltr'><strong>op-</strong></span> 
     </span>
     <span class='ocr_line' id='line_1_28' title="bbox 356 2601 2275 2681; baseline 0.001 -18"><span class='ocrx_word' id='word_1_207' title='bbox 356 2606 572 2663; x_wconf 89' lang='lat' dir='ltr'><strong>timum</strong></span> <span class='ocrx_word' id='word_1_208' title='bbox 624 2601 907 2662; x_wconf 79' lang='lat' dir='ltr'><strong>habuisse</strong></span> <span class='ocrx_word' id='word_1_209' title='bbox 962 2607 1014 2661; x_wconf 83' lang='lat' dir='ltr'><strong>te</strong></span> <span class='ocrx_word' id='word_1_210' title='bbox 1053 2604 1293 2677; x_wconf 76' lang='lat' dir='ltr'><strong>petere?</strong></span> <span class='ocrx_word' id='word_1_211' title='bbox 1388 2603 1547 2663; x_wconf 83' lang='lat' dir='ltr'><strong>Nam</strong></span> <span class='ocrx_word' id='word_1_212' title='bbox 1600 2604 1715 2664; x_wconf 88' lang='lat' dir='ltr'><strong>etsi</strong></span> <span class='ocrx_word' id='word_1_213' title='bbox 1770 2602 2063 2681; x_wconf 90' lang='lat' dir='ltr'><strong>Cruquius</strong></span> <span class='ocrx_word' id='word_1_214' title='bbox 2118 2605 2275 2665; x_wconf 88' lang='lat' dir='ltr'><strong>nihil</strong></span> 
     </span>
     <span class='ocr_line' id='line_1_29' title="bbox 359 2684 2276 2774; baseline 0.002 -23"><span class='ocrx_word' id='word_1_215' title='bbox 359 2692 595 2774; x_wconf 86' lang='lat' dir='ltr'><strong>omnino</strong></span> <span class='ocrx_word' id='word_1_216' title='bbox 641 2693 845 2750; x_wconf 88' lang='lat' dir='ltr'><strong>monet</strong></span> <span class='ocrx_word' id='word_1_217' title='bbox 889 2684 967 2749; x_wconf 88' lang='lat' dir='ltr'><strong>ad</strong></span> <span class='ocrx_word' id='word_1_218' title='bbox 1011 2690 1070 2752; x_wconf 90' lang='lat' dir='ltr'><strong>h.</strong></span> <span class='ocrx_word' id='word_1_219' title='bbox 1107 2691 1146 2750; x_wconf 92' lang='lat'><strong>1.</strong></span> <span class='ocrx_word' id='word_1_220' title='bbox 1183 2691 1257 2751; x_wconf 89' lang='lat' dir='ltr'><strong>de</strong></span> <span class='ocrx_word' id='word_1_221' title='bbox 1301 2693 1596 2753; x_wconf 84' lang='lat' dir='ltr'><strong>varietate</strong></span> <span class='ocrx_word' id='word_1_222' title='bbox 1641 2692 2124 2751; x_wconf 87' lang='lat' dir='ltr'><strong>membranarum</strong></span> <span class='ocrx_word' id='word_1_223' title='bbox 2169 2695 2276 2754; x_wconf 84' lang='lat' dir='ltr'><strong>vel</strong></span> 
     </span>
     <span class='ocr_line' id='line_1_30' title="bbox 357 2778 2276 2857; baseline 0.002 -18"><span class='ocrx_word' id='word_1_224' title='bbox 357 2781 628 2857; x_wconf 89' lang='lat' dir='ltr'><strong>minima,</strong></span> <span class='ocrx_word' id='word_1_225' title='bbox 683 2782 886 2838; x_wconf 88' lang='lat' dir='ltr'><strong>tamen</strong></span> <span class='ocrx_word' id='word_1_226' title='bbox 940 2780 1231 2840; x_wconf 83' lang='lat' dir='ltr'><strong>secundus</strong></span> <span class='ocrx_word' id='word_1_227' title='bbox 1293 2778 1631 2855; x_wconf 84' lang='lat' dir='ltr'><strong>Gothanus‚</strong></span> <span class='ocrx_word' id='word_1_228' title='bbox 1687 2780 1790 2855; x_wconf 90' lang='lat' dir='ltr'><strong>qui</strong></span> <span class='ocrx_word' id='word_1_229' title='bbox 1843 2779 1991 2840; x_wconf 89' lang='lat' dir='ltr'><strong>adeo</strong></span> <span class='ocrx_word' id='word_1_230' title='bbox 2047 2782 2276 2857; x_wconf 86' lang='lat' dir='ltr'><strong>ubique</strong></span> 
     </span>
     <span class='ocr_line' id='line_1_31' title="bbox 356 2867 2278 2944; baseline 0.001 -16"><span class='ocrx_word' id='word_1_231' title='bbox 356 2869 772 2944; x_wconf 86' lang='lat' dir='ltr'><strong>repraesentat</strong></span> <span class='ocrx_word' id='word_1_232' title='bbox 826 2867 1110 2928; x_wconf 82' lang='lat' dir='ltr'><strong>lectiones</strong></span> <span class='ocrx_word' id='word_1_233' title='bbox 1160 2868 1374 2928; x_wconf 90' lang='lat' dir='ltr'><strong>Bland.</strong></span> <span class='ocrx_word' id='word_1_234' title='bbox 1421 2868 1757 2943; x_wconf 66' lang='lat' dir='ltr'><strong>antiquiss,</strong></span> <span class='ocrx_word' id='word_1_235' title='bbox 1811 2869 1881 2926; x_wconf 91' lang='lat' dir='ltr'><strong>ut</strong></span> <span class='ocrx_word' id='word_1_236' title='bbox 1935 2886 2007 2939; x_wconf 79' lang='lat' dir='ltr'><strong>ex</strong></span> <span class='ocrx_word' id='word_1_237' title='bbox 2061 2869 2278 2931; x_wconf 88' lang='lat' dir='ltr'><strong>eodem</strong></span> 
     </span>
     <span class='ocr_line' id='line_1_32' title="bbox 358 2956 2276 3035; baseline 0.001 -19"><span class='ocrx_word' id='word_1_238' title='bbox 358 2960 537 3031; x_wconf 87' lang='lat' dir='ltr'><strong>atque</strong></span> <span class='ocrx_word' id='word_1_239' title='bbox 583 2956 740 3015; x_wconf 85' lang='lat' dir='ltr'><strong>huno</strong></span> <span class='ocrx_word' id='word_1_240' title='bbox 786 2957 1106 3035; x_wconf 84' lang='lat' dir='ltr'><strong>archetypo</strong></span> <span class='ocrx_word' id='word_1_241' title='bbox 1152 2975 1292 3016; x_wconf 90' lang='lat' dir='ltr'><strong>eum</strong></span> <span class='ocrx_word' id='word_1_242' title='bbox 1337 2956 1577 3016; x_wconf 86' lang='lat' dir='ltr'><strong>ductum</strong></span> <span class='ocrx_word' id='word_1_243' title='bbox 1625 2973 1756 3014; x_wconf 89' lang='lat' dir='ltr'><strong>esse</strong></span> <span class='ocrx_word' id='word_1_244' title='bbox 1804 2958 2117 3032; x_wconf 85' lang='lat' dir='ltr'><strong>appareat,</strong></span> <span class='ocrx_word' id='word_1_245' title='bbox 2172 2976 2276 3017; x_wconf 81' lang='lat' dir='ltr'><strong>ex-</strong></span> 
     </span>
     <span class='ocr_line' id='line_1_33' title="bbox 357 3042 2280 3119; baseline 0.002 -16"><span class='ocrx_word' id='word_1_246' title='bbox 357 3045 527 3104; x_wconf 90' lang='lat' dir='ltr'><strong>hibet</strong></span> <span class='ocrx_word' id='word_1_247' title='bbox 570 3044 721 3104; x_wconf 85' lang='lat' dir='ltr'><strong>talia</strong></span> <span class='ocrx_word' id='word_1_248' title='bbox 770 3062 814 3104; x_wconf 85' lang='lat' dir='ltr'><strong>e.</strong></span> <span class='ocrx_word' id='word_1_249' title='bbox 862 3049 900 3106; x_wconf 77' lang='lat' dir='ltr'><strong>t.</strong></span> <span class='ocrx_word' id='word_1_250' title='bbox 944 3064 993 3119; x_wconf 81' lang='lat' dir='ltr'><strong>q.</strong></span> <span class='ocrx_word' id='word_1_251' title='bbox 1041 3047 1095 3107; x_wconf 81' lang='lat' dir='ltr'><strong>d.</strong></span> <span class='ocrx_word' id='word_1_252' title='bbox 1140 3045 1289 3104; x_wconf 77' lang='lat' dir='ltr'><strong>nihil</strong></span> <span class='ocrx_word' id='word_1_253' title='bbox 1330 3044 1470 3104; x_wconf 79' lang='lat' dir='ltr'><strong>haec</strong></span> <span class='ocrx_word' id='word_1_254' title='bbox 1510 3044 1699 3118; x_wconf 72' lang='lat' dir='ltr'><strong>maqis</strong></span> <span class='ocrx_word' id='word_1_255' title='bbox 1739 3042 1905 3102; x_wconf 80' lang='lat' dir='ltr'><strong>illam</strong></span> <span class='ocrx_word' id='word_1_256' title='bbox 1947 3045 1987 3103; x_wconf 81' lang='lat' dir='ltr'><strong>i.</strong></span> <span class='ocrx_word' id='word_1_257' title='bbox 2028 3046 2072 3117; x_wconf 76' lang='lat' dir='ltr'><em>fi</em></span> <span class='ocrx_word' id='word_1_258' title='bbox 2118 3045 2174 3105; x_wconf 81' lang='lat' dir='ltr'><strong>d.</strong></span> <span class='ocrx_word' id='word_1_259' title='bbox 2217 3050 2280 3108; x_wconf 82' lang='lat' dir='ltr'><strong>te</strong></span> 
     </span>
     <span class='ocr_line' id='line_1_34' title="bbox 349 3130 2273 3209; baseline 0 -16"><span class='ocrx_word' id='word_1_260' title='bbox 349 3139 541 3208; x_wconf 77' lang='lat' dir='ltr'><strong>petere</strong></span> <span class='ocrx_word' id='word_1_261' title='bbox 603 3138 733 3194; x_wconf 77' lang='lat' dir='ltr'><strong>esto,</strong></span> <span class='ocrx_word' id='word_1_262' title='bbox 847 3133 977 3193; x_wconf 89' lang='lat' dir='ltr'><strong>Iam</strong></span> <span class='ocrx_word' id='word_1_263' title='bbox 1038 3136 1357 3209; x_wconf 86' lang='lat' dir='ltr'><strong>postquam</strong></span> <span class='ocrx_word' id='word_1_264' title='bbox 1421 3131 1566 3191; x_wconf 86' lang='lat' dir='ltr'><strong>satis</strong></span> <span class='ocrx_word' id='word_1_265' title='bbox 1630 3130 2031 3193; x_wconf 84' lang='lat' dir='ltr'><strong>adstruximus</strong></span> <span class='ocrx_word' id='word_1_266' title='bbox 2095 3134 2273 3193; x_wconf 83' lang='lat' dir='ltr'><strong>testi-</strong></span> 
     </span>
     <span class='ocr_line' id='line_1_35' title="bbox 357 3219 2276 3298; baseline 0.001 -17"><span class='ocrx_word' id='word_1_267' title='bbox 357 3221 688 3282; x_wconf 91' lang='lat' dir='ltr'><strong>moniorum</strong></span> <span class='ocrx_word' id='word_1_268' title='bbox 760 3221 1047 3281; x_wconf 88' lang='lat' dir='ltr'><strong>firmitate</strong></span> <span class='ocrx_word' id='word_1_269' title='bbox 1120 3220 1275 3279; x_wconf 84' lang='lat' dir='ltr'><strong>hanc</strong></span> <span class='ocrx_word' id='word_1_270' title='bbox 1336 3220 1678 3293; x_wconf 80' lang='lat' dir='ltr'><strong>lectionem,</strong></span> <span class='ocrx_word' id='word_1_271' title='bbox 1750 3219 2058 3281; x_wconf 82' lang='lat' dir='ltr'><strong>videamus</strong></span> <span class='ocrx_word' id='word_1_272' title='bbox 2125 3223 2276 3298; x_wconf 91' lang='lat' dir='ltr'><strong>quid</strong></span> 
     </span>
     <span class='ocr_line' id='line_1_36' title="bbox 360 3307 2274 3392; baseline 0.001 -22"><span class='ocrx_word' id='word_1_273' title='bbox 360 3309 673 3392; x_wconf 84' lang='lat' dir='ltr'><strong>significet.</strong></span> <span class='ocrx_word' id='word_1_274' title='bbox 773 3310 858 3369; x_wconf 86' lang='lat' dir='ltr'><strong>Et</strong></span> <span class='ocrx_word' id='word_1_275' title='bbox 913 3310 1101 3369; x_wconf 87' lang='lat' dir='ltr'><strong>talem</strong></span> <span class='ocrx_word' id='word_1_276' title='bbox 1160 3308 1434 3382; x_wconf 84' lang='lat' dir='ltr'><strong>equidem</strong></span> <span class='ocrx_word' id='word_1_277' title='bbox 1497 3307 1623 3368; x_wconf 91' lang='lat' dir='ltr'><strong>eius</strong></span> <span class='ocrx_word' id='word_1_278' title='bbox 1684 3326 1925 3368; x_wconf 85' lang='lat' dir='ltr'><strong>sensum</strong></span> <span class='ocrx_word' id='word_1_279' title='bbox 1984 3328 2115 3370; x_wconf 90' lang='lat' dir='ltr'><strong>esse</strong></span> <span class='ocrx_word' id='word_1_280' title='bbox 2173 3311 2274 3373; x_wconf 88' lang='lat' dir='ltr'><strong>aio</strong></span> 
     </span>
     <span class='ocr_line' id='line_1_37' title="bbox 356 3395 2277 3475; baseline -0.001 -17"><span class='ocrx_word' id='word_1_281' title='bbox 356 3398 792 3475; x_wconf 85' lang='lat' dir='ltr'><strong>persimplicem</strong></span> <span class='ocrx_word' id='word_1_282' title='bbox 806 3442 821 3471; x_wconf 88' lang='lat'>‚</span> <span class='ocrx_word' id='word_1_283' title='bbox 875 3398 947 3454; x_wconf 91' lang='lat' dir='ltr'><strong>ut</strong></span> <span class='ocrx_word' id='word_1_284' title='bbox 1000 3395 1331 3455; x_wconf 83' lang='lat' dir='ltr'><strong>infinitivus</strong></span> <span class='ocrx_word' id='word_1_285' title='bbox 1383 3396 1490 3457; x_wconf 84' lang='lat' dir='ltr'><strong>ille</strong></span> <span class='ocrx_word' id='word_1_286' title='bbox 1542 3416 1656 3458; x_wconf 89' lang='lat' dir='ltr'><strong>usu</strong></span> <span class='ocrx_word' id='word_1_287' title='bbox 1708 3399 2068 3475; x_wconf 83' lang='lat' dir='ltr'><strong>pervulgato</strong></span> <span class='ocrx_word' id='word_1_288' title='bbox 2120 3399 2277 3459; x_wconf 88' lang='lat' dir='ltr'><strong>indi-</strong></span> 
     </span>
    </p>
   </div>
  </div>
 </body>
</html>
