2514 3950
356 122 485 188 216
1060 123 1574 182 EPISTVLARVM
2238 126 2317 200 [ι.

489 288 558 355 Si
568 337 587 372 ‚
634 287 781 372 quia
825 286 1161 352 Graiorum
1206 290 1358 352 sunt
1400 286 1839 371 antiquissima
1882 308 2169 371 quaeque

491 372 741 457 Scripta
781 371 885 436 vel
928 372 1199 455 optima,
1243 371 1517 436 Romani
1559 374 1910 456 pensantur
1953 372 2175 436 eadem

356 470 430 521 30
493 456 847 554 Scriptores
875 456 1146 541 trutina3
1190 476 1327 520 non
1355 458 1451 520 est
1487 454 1656 539 quod
1683 455 1885 520 multa
1927 456 2309 539 loquamur:

487 541 603 607 Nil
644 542 873 605 mtrast
914 540 1083 623 olea,
1128 539 1223 603 nil
1266 542 1506 604 extrast
1546 540 1616 604 in
1656 560 1819 605 nuce
1865 539 2030 624 duri3

487 625 798 690 Venimus
843 623 925 688 ad
964 645 1283 688 summum
1325 624 1646 707 fortunae,
1690 624 2015 707 pingimus
2058 626 2263 708 atque

487 710 828 774 Psalh‘mus
872 710 936 772 et
977 708 1292 772 luctamur
1332 707 1598 772 Achivis
1643 706 1889 772 doctius
1932 707 2162 773 unctis.

491 793 560 859 Si
601 792 869 857 meliora
910 791 1076 874 dies,
1121 794 1194 857 ut
1234 791 1417 875 vina,
1461 794 1759 876 poemata
1798 790 2036 874 reddit,

358 890 429 942 35
495 876 671 941 Scire
700 875 911 957 velim,
949 874 1184 941 chartis
1212 876 1489 959 pretium
1520 879 1750 959 quotus
1781 877 2037 959 arroget
2063 896 2306 941 annus.

490 960 628 1026 Scri
672 962 776 1023 tor
819 958 1054 1025 abhinc
1097 981 1299 1024 annos
1346 962 1601 1025 centum
1652 960 1760 1043 qui
1804 959 2064 1043 decidit,
2127 960 2309 1025 inter

487 982 814 1108 Perssctos
859 1046 1226 1128 veteresque
1269 1044 1494 1108 referri
1537 1043 1727 1107 debet
1769 1065 1854 1107 an
1894 1044 2060 1107 inter

488 1128 670 1194 Viles
715 1130 905 1212 atque
946 1128 1195 1193 novos?
1263 1128 1567 1193 Excludat
1609 1128 1815 1212 iurgia
1855 1126 2032 1192 finis!

490 1212 634 1277 ‘Est
653 1215 834 1277 vetus
856 1214 1046 1295 atque
1073 1211 1332 1297 probus,
1365 1214 1619 1277 centum
1643 1212 1754 1295 qui
1772 1211 2021 1296 perficit
2040 1218 2306 1278 annos.’

359 1310 431 1360 40
492 1296 703 1373 Quid?
750 1296 859 1379 qui
901 1296 979 1360 de
1026 1296 1172 1361 eriit
1213 1296 1425 1361 minor
1466 1317 1595 1361 uno
1639 1316 1858 1361 mense
1900 1296 2003 1360 vel
2045 1316 2225 1361 anno
2239 1344 2260 1380 ,

488 1380 667 1447 Inter
711 1401 870 1465 quos
911 1402 982 1446 re
1012 1379 1280 1446 erendus
1326 1380 1487 1445 erit?
1533 1383 1861 1446 veteresne
1900 1382 2124 1463 poetas
2137 1429 2156 1463 ‚

491 1467 595 1531 An
637 1486 796 1549 quos
842 1467 905 1528 et
945 1486 1247 1549 praesens
1292 1467 1357 1530 et
1397 1466 1654 1549 postera
1694 1485 1796 1530 res
1840 1466 1953 1528 uat
1994 1463 2222 1529 aetas?

491 1549 646 1614 ‘Iste
691 1548 947 1632 quidem
990 1552 1233 1614 veteres
1278 1548 1446 1613 inter
1487 1552 1763 1633 ponetur
1850 1552 2070 1613 oneste
2082 1596 2103 1631 ‚

491 1633 614 1708 Qui
656 1632 759 1695 vel
799 1653 1017 1696 mense
1060 1632 1239 1696 brevi
1282 1633 1386 1696 vel
1426 1635 1630 1697 totost
1670 1633 1884 1698 iunior
1924 1638 2140 1698 anno?

360 1728 430 1779 45
492 1715 660 1781 Vtor
701 1715 1042 1798 permisso,
1089 1715 1449 1799 caudaeque
1490 1717 1657 1800 pilos
1700 1720 1773 1781 ut
1815 1717 2080 1799 equinae

489 1799 834 1866 Paullatim
887 1799 1053 1865 vello
1064 1848 1084 1884 ,
1142 1802 1208 1865 et
1261 1798 1444 1865 demo
1498 1823 1728 1884 unum,
1787 1801 1970 1865 demo
2022 1804 2086 1865 et
2139 1801 2307 1867 item

490 1969 665 2035 Dum
710 1970 894 2068 cadat
937 1968 1149 2034 elusus
1192 1969 1443 2068 ratione
1485 1906 2010 2067 ruelrlltiugnacervi,

491 2053 615 2130 Qui
657 2055 823 2118 red1t
864 2076 934 2118 1n
976 2053 1179 2118 fastos
1223 2056 1290 2119 et
1330 2056 1631 2119 wrtutem
1674 2056 1970 2118 aestimat
2010 2055 2199 2118 annis

489 2138 884 2221 Miraturque
926 2136 1119 2221 nihil,
1163 2138 1290 2202 nisi
1377 2137 1505 2203 uod
1546 2138 1832 2203 Libitina
1875 2138 2165 2204 sacravit.

362 2233 432 2284 50
493 2220 743 2285 Ennius
752 2270 775 2318 3
822 2223 888 2285 et
928 2221 1184 2304 sapiens
1227 2224 1292 2285 et
1362 2223 1518 2286 ortis
1562 2225 1627 2288 et
1669 2224 1829 2288 alter
1869 2221 2226 2305 Homerus,

490 2303 583 2370 Vt
626 2305 829 2371 critwi
873 2304 1125 2389 dicunt,
1170 2305 1395 2370 leviter
1438 2327 1657 2371 curare
1700 2307 1975 2390 videtur,

492 2389 633 2464 Quo
676 2390 993 2485 promissa
1036 2388 1265 2455 cadant
1309 2391 1373 2455 et
1415 2392 1663 2456 somnia
1704 2390 2132 2476 Pythagorea.

490 2471 557 2537 N
559 2492 770 2537 aewus
812 2474 884 2537 in
937 2474 1231 2539 manibus
1275 2496 1410 2540 non
1453 2477 1552 2540 est
1594 2478 1658 2539 et
1709 2475 2028 2540 mentibus
2071 2474 2306 2539 haeret

490 2554 701 2621 Paene
727 2557 993 2622 recens?
1039 2557 1197 2622 adeo
1228 2563 1584 2625 sanctumst
1613 2562 1794 2624 vetus
1825 2580 2012 2624 omne
2039 2579 2301 2642 poema.

359 2652 430 2704 55
493 2639 864 2738 Ambigitur
907 2641 1231 2724 quotiens,
1276 2645 1420 2707 uter
1459 2646 1602 2708 utro
1649 2644 1735 2709 sit
1774 2644 1979 2726 prior,
2024 2643 2239 2707 aufert

488 2724 802 2789 Pacuv1us
846 2724 1021 2790 docti
1060 2725 1301 2790 famam
1343 2727 1542 2810 senis,
1573 2727 1809 2791 Accius
1845 2726 1988 2807 alti,

488 2806 741 2875 Dicitur
783 2809 1015 2874 Afrani
1056 2813 1124 2875 to
1175 2832 1214 2874 a
1257 2812 1630 2876 convenisse
1675 2810 2056 2892 MenandrO,

489 2891 754 2958 Plautus
798 2893 880 2958 ad
923 2915 1146 2978 exemp
1174 2916 1247 2959 ar
1276 2893 1474 2960 Siculi
1515 2916 1855 2981 properare
1897 2893 2304 2980 Epicharmi,

486 2974 764 3041 Vincere
809 2975 1121 3043 Caecilius
1165 2980 1512 3064 gravitate,
1557 2979 1891 3045 Terentius
1936 2980 2091 3043 arte.

359 3071 430 3124 ⁶0
487 3058 627 3123 Hos
672 3059 898 3124 ediscit
940 3064 1004 3125 et
1044 3061 1165 3126 hos
1208 3066 1347 3127 arto
1391 3063 1474 3127 sti
1520 3066 1627 3128 ata
1667 3063 1919 3128 theatro

486 3142 752 3227 Spectat
766 3142 973 3208 Roma
1000 3148 1248 3230 potens,
1278 3086 1608 3214 habes-‚zos
1629 3150 2045 3229 numeratque
2066 3149 2309 3229 poetas

484 3227 592 3291 Ad
632 3230 925 3293 nostrum
965 3231 1217 3312 tempus
1262 3229 1403 3295 Livi
1448 3232 1774 3315 scriptoris
1819 3231 1899 3295 ab
1943 3251 2118 3294 aevo·

485 3310 817 3377 Interdum
854 3313 1088 3398 volgus
1130 3317 1375 3378 rectum
1417 3315 1616 3400 videt3
1663 3318 1762 3380 est
1802 3314 1913 3379 ubi
1960 3317 2214 3397 peccat.

484 3393 557 3460 Si
599 3399 843 3462 veteres
886 3397 977 3462 ita
1018 3397 1286 3464 miratur
1328 3398 1668 3482 laudatque
1711 3401 1930 3484 poetas
1943 3445 1962 3481 ‚
