2514 3950
238 176 384 251 vu]

1037 174 1253 230 LIBER
1294 173 1365 231 11.

451 336 577 404 Sed
615 359 720 402 me
760 357 877 421 per
916 336 1135 401 hostes
1177 335 1529 401 Mercurius
1572 337 1738 401 celer

448 420 668 486 Denso
710 423 1048 506 paventem
1092 420 1354 485 sustulit
1395 442 1566 506 aere3

542 506 633 571 Te
674 527 892 571 rursus
935 505 1007 569 in
1049 505 1289 582 bellum
1328 505 1664 569 resorbens

625 588 814 655 Vnda
855 589 1035 654 fretis
1077 589 1228 654 tulit
1270 589 1597 654 aestuosis,

448 707 625 793 Ergo
670 707 1020 793 obligatam
1061 706 1253 771 redde
1296 705 1437 770 Iovi
1481 705 1737 791 dapem,

449 791 796 877 Longaque
838 791 1079 857 fessum
1118 790 1350 856 militia
1391 790 1558 854 latus

542 874 641 941 De
688 897 809 940 one
852 877 970 940 sub
1012 874 1196 940 lauru
1236 896 1381 939 mea
1421 895 1541 939 nec

682 981 824 1024 arce
869 959 1039 1024 cadis
1082 959 1203 1022 tibi
1248 958 1599 1023 destinatiS.

453 1076 782 1141 Oblivioso
826 1076 991 1140 levia
1032 1075 1309 1138 Massico

454 1157 715 1224 Ciboria
757 1158 940 1242 exple
1015 1157 1210 1222 funde
1257 1158 1593 1241 capacibus

544 1241 891 1391 Vnffgenta
933 1208 1010 1307 de
1055 1241 1335 1306 conchis.
1423 1241 1579 1316 Quis
1621 1243 1746 1307 udo

729 1348 1070 1412 properare
1113 1327 1259 1411 apio
1305 1347 1571 1391 coronas

452 1444 727 1511 Ouratve
768 1445 1023 1529 myrto?
1113 1445 1317 1521 Quem
1358 1444 1579 1511 Venus
1624 1445 1932 1510 arbitrum

451 1528 642 1595 Dicet
683 1529 990 1595 bibendi?
1076 1528 1143 1595 N
1145 1550 1232 1594 on
1276 1550 1396 1615 ego
1442 1530 1656 1594 sanius

542 1613 916 1679 Bacchabor
956 1614 1234 1679 Edonis:
1278 1617 1535 1698 recepto

626 1697 830 1764 Dulce
872 1698 1032 1763 mihi
1076 1697 1350 1763 furerest
1395 1700 1619 1766 amico.

1102 1952 1298 2028 VIH.

450 2083 603 2150 Vlla
645 2085 701 2148 si
743 2082 899 2147 iuris
941 2082 1063 2146 tibi
1103 2084 1370 2168 peierati

452 2168 698 2252 Poena,
742 2165 1066 2251 †'Barine,
1110 2168 1437 2234 nocuisset
1476 2190 1811 2255 umquam,

451 2250 661 2318 Dente
705 2251 761 2317 si
802 2251 990 2337 nigro
1033 2252 1216 2318 fieres
1261 2254 1362 2319 vel
1403 2274 1533 2319 uno

545 2335 819 2420 Tmior
856 2337 1087 2421 ungui,

453 2453 809 2520 Crederem.
872 2453 997 2519 Sed
1039 2457 1112 2520 tu
1154 2456 1346 2520 simul
1389 2456 1694 2553 obligasti

451 2538 772 2603 Perfidum
814 2539 982 2612 votis
1028 2542 1245 2624 caput,
1291 2540 1589 2605 enitescis

451 2621 787 2687 Pulchrior
828 2622 1030 2688 multo
1073 2623 1497 2708 iuvenumque
1544 2623 1763 2709 prodis

544 2705 810 2771 Publica
853 2727 1019 2771 cura.
1239 2735 1244 2742 ·

449 2823 992 2999 {mm
1029 2828 1600 2975 temam

453 2990 654 3141 Siffia
696 3014 841 3058 cum
885 2991 1062 3057 caelo
1105 2992 1443 3078 gehdaque
1488 2991 1668 3058 d1vos

616 3079 753 3142 orte
798 3079 1103 3141 carentes.

449 3192 642 3259 Ridet
681 3194 836 3278 hoc,
879 3195 1141 3277 inquam
1155 3243 1170 3270 ,
1213 3193 1436 3261 Venus
1478 3194 1504 3260 i
1549 3208 1649 3280 sa,
1692 3194 1906 3262 rident

454 3275 788 3363 Simplices
830 3277 1169 3363 Nymphae
1243 3279 1419 3345 ferus
1464 3301 1499 3345 e
1573 3278 1854 3364 Cupido,

452 3358 714 3447 Semper
756 3361 1050 3428 ardentes
1094 3384 1327 3429 acuens
1370 3364 1636 3450 sagittas

544 3444 703 3511 Coto
747 3451 1025 3513 cruenta.

2077 168 2159 235 37

2092 515 2163 565 15

2099 970 2256 1038 20,

2100 1457 2167 1505 25

2106 2914 2171 2973 10

2104 3375 2169 3427 15
