2514 3950
335 1703 403 1753 55

339 3167 410 3218 'lo

1099 198 1495 257 CARmNVM

573 363 848 427 Insultet
889 364 1245 427 armentum
1290 365 1355 427 et
1397 363 1641 427 catulos
1684 363 1857 427 ferae

575 446 802 513 Celent
841 447 1112 530 inultae,
1157 449 1285 511 stet
1328 445 1717 531 Capitolium

679 531 800 596 Ful
848 552 960 595 ens
1000 530 1533 615 triumphatisque
1574 532 1782 616 possit

880 635 986 678 ma
1026 615 1208 679 ferox
1250 614 1400 679 dare
1444 615 1584 678 iura
1626 614 1854 679 Medis.

574 749 911 816 Horrenda
952 750 1081 813 late
1123 771 1362 814 nomen
1402 751 1472 814 in
1514 750 1772 814 ultimas

574 833 899 899 Extendat
941 855 1117 917 oras,
1164 855 1289 917 qua
1329 833 1575 899 medius
1618 834 1828 918 liquor

683 917 969 983 Seeernit
1008 917 1312 1002 Europen
1354 918 1435 983 ab
1478 918 1675 1002 Afro,

782 1000 922 1077 Qua
962 1002 1243 1066 tumidus
1286 1002 1457 1088 rigat
1500 1023 1652 1066 arva
1691 1002 1913 1086 Nilus,

571 1137 819 1202 Aurum
860 1137 1251 1221 inrepertum
1295 1139 1360 1201 et
1402 1137 1492 1202 sie
1535 1137 1761 1201 melius
1805 1136 2032 1220 situm,

579 1220 741 1287 Cum
781 1223 953 1286 terra
996 1222 1190 1305 celat,
1237 1242 1535 1304 spernere
1577 1221 1806 1286 fortior

682 1305 886 1381 Quam
930 1326 1158 1390 eogere
1199 1304 1516 1369 humanos
1560 1305 1629 1369 in
1671 1326 1822 1370 usus

783 1389 988 1453 Omne
1032 1409 1281 1453 sacrum
1325 1390 1613 1473 rapiente
1656 1389 1892 1454 dextra.

575 1523 967 1607 Quicumque
1010 1524 1247 1588 mundo
1292 1524 1602 1588 terminus
1647 1524 1926 1606 obstitit,

573 1606 765 1671 Hune
806 1610 1033 1693 tangat
1076 1609 1269 1672 armis
1279 1658 1298 1692 ,
1342 1608 1546 1673 visere
1588 1608 1902 1705 gestiens,

681 1689 822 1766 Qua
863 1694 1043 1775 parte
1087 1691 1552 1757 debacchantur
1593 1713 1807 1778 ignes,

783 1774 924 1851 Qua
963 1776 1235 1841 nebulae
1278 1777 1601 1861 pluviique
1644 1797 1839 1841 rores.

577 1909 702 1975 Sed
743 1911 1064 1978 bellicosis
1107 1913 1245 1978 fata
1289 1911 1639 1990 Quiritibus

572 1995 715 2060 Hae
753 1997 897 2082 lege
942 1997 1116 2081 dico,
1158 2020 1241 2062 ne
1284 1998 1556 2062 nimium
1596 1997 1690 2082 pii

679 2080 1020 2165 Rebusque
1061 2081 1332 2145 fidentes
1377 2081 1582 2146 avitae

790 2164 987 2228 Tecta
1029 2164 1230 2228 velint
1270 2185 1566 2248 reparare
1608 2164 1852 2230 Troiae.

575 2298 803 2363 Troiae
845 2318 1186 2363 renascens
1231 2299 1382 2363 alite
1433 2300 1456 2363 1
1589 2300 1689 2363 bri

542 2382 860 2448 ,Fortuna
901 2382 1073 2446 tristi
1117 2383 1296 2448 clade
1337 2384 1500 2448 itera
1542 2384 1700 2468 itur,

685 2464 977 2530 Ducente
1019 2466 1312 2532 victrices
1357 2471 1640 2533 catervas

785 2549 1076 2634 Coniuge
1117 2572 1219 2615 me
1263 2551 1436 2617 Iovis
1480 2555 1546 2617 et
1587 2573 1821 2617 sorore.

575 2684 700 2750 Ter
743 2684 798 2748 si
839 2688 1131 2770 resurgat
1170 2707 1390 2751 murus
1440 2686 1718 2751 aheneus

574 2769 854 2834 Auctore
897 2769 1189 2854 Phoebo,
1232 2773 1334 2835 ter
1374 2773 1595 2855 pereat
1634 2771 1795 2835 meis

673 2853 944 2918 Excisus
988 2854 1250 2940 Argivis
1264 2904 1283 2938 ‚
1326 2857 1427 2918 ter
1467 2875 1628 2919 uxor

784 2937 990 3023 Capta
1031 2939 1240 3003 virum
1282 2959 1639 3023 puerosque
1681 2939 1939 3023 ploret.’

575 3071 729 3138 Non
769 3071 893 3137 hoe
936 3073 1190 3138 iocosae
1235 3073 1574 3138 conveniet
1615 3074 1822 3156 lyrae:

582 3155 751 3239 Quo,
795 3155 1008 3241 Musa,
1050 3156 1307 3221 tendis?
1394 3156 1632 3221 Desine
1674 3154 1975 3240 pervicax

672 3239 934 3305 Referre
978 3261 1304 3304 sermones
1349 3240 1609 3303 deorum
1655 3240 1720 3301 et

783 3322 1025 3409 Magna
1067 3322 1277 3387 modis
1318 3324 1582 3387 tenuare
1625 3320 1859 3406 parvis·
