2514 3950
368 167 451 232 32

367 346 433 397 25

367 800 437 850 80

369 1252 436 1302 85

367 2903 433 2957 1'0

365 3357 428 3408 15

1130 172 1525 230 CARMINVM

618 335 780 400 Iuno
825 339 891 401 et
932 336 1194 401 deorum
1236 336 1521 433 quisquis
1565 335 1829 399 amicior

622 420 800 484 Afris
844 421 1047 484 inulta
1090 423 1367 485 cesseraiz
1408 422 1707 503 mpotens

715 503 997 587 Tellure,
1041 505 1357 568 victorum
1399 507 1665 586 nepotes

812 588 1089 652 Rettulit
1134 587 1395 651 inferias
1436 586 1516 651 Iu
1712 607 1802 650 ae.

623 705 778 780 Quis
820 725 956 768 non
996 703 1227 769 Latino
1274 704 1582 788 sanguine
1624 703 1928 788 pinguior

627 787 903 871 Campus
947 788 1251 872 sepulcris
1295 788 1473 871 inpia
1557 787 1757 852 roelia

715 871 1010 936 Testatur
1052 872 1459 954 auditumque
1574 871 1708 935 edis

818 955 1163 1040 Hesperiae
1207 955 1488 1020 sonitum
1537 954 1801 1018 ruinae?

625 1071 747 1148 Qui
788 1094 1023 1158 gurges
1068 1075 1203 1137 aut‘
1220 1093 1379 1157 quae
1422 1072 1683 1136 flumina
1723 1071 2012 1156 lugubris

621 1156 857 1242 Ignara
897 1156 1094 1221 belli?
1152 1156 1323 1241 quod
1364 1177 1538 1220 mare
1581 1154 1867 1220 Dauniae

719 1241 873 1307 Non
916 1240 1355 1305 decoloravere
1399 1239 1664 1304 caedes?

818 1324 990 1401 Quae
1035 1328 1206 1388 caret
1248 1346 1362 1389 ora
1405 1344 1625 1388 cruore
1667 1322 1934 1387 nostro?

631 1438 757 1505 Sed
811 1462 893 1505 ne
948 1441 1187 1505 relictis
1200 1491 1219 1524 ,
1263 1440 1449 1505 Musa
1487 1461 1752 1524 procax,
1798 1438 1955 1504 iocis

626 1523 789 1589 Ceae
832 1526 1134 1589 retractes
1176 1546 1442 1589 munera
1482 1524 1740 1608 neniae,

715 1607 969 1671 Mecum
1011 1605 1300 1672 Dionaeo
1346 1608 1462 1672 sub
1506 1610 1690 1672 an'nro

821 1689 1064 1767 Quaere
1105 1691 1331 1757 modos
1378 1691 1613 1756 leviore
1655 1691 1914 1775 plectro.

1276 1947 1369 2023 H.

619 2078 852 2145 Nullus
895 2077 1161 2163 argento
1207 2079 1383 2143 color
1426 2082 1525 2143 est
1565 2080 1771 2142 avaris

620 2163 860 2227 Abdito
903 2163 1117 2246 terris,
1161 2162 1417 2226 inimice
1458 2163 1708 2227 lamnae

623 2244 844 2328 Crispe
888 2244 1154 2327 salusti,
1199 2245 1329 2308 nisi
1369 2248 1721 2329 izemperato

715 2327 1059 2412 Splendeat
1099 2349 1236 2392 usu.

625 2443 824 2522 Vivet·
861 2448 1115 2510 extento
1160 2446 1528 2511 Proculeius
1572 2468 1758 2530 aevo,

618 2526 828 2592 Notus
871 2528 939 2592 in
984 2530 1210 2594 fratres
1254 2531 1451 2594 animi
1493 2531 1775 2614 paterni:

618 2610 810 2675 Illum
853 2615 1003 2697 agei
1051 2613 1254 2695 pinna
1295 2617 1617 2679 mebuente
1660 2614 1824 2679 solvi

709 2694 908 2759 Fama
948 2699 1286 2780 superstes.

616 2811 835 2877 Laffius
876 2835 1107 2898 regnes
1151 2814 1405 2878 avidum
1447 2813 1762 2878 domando

618 2894 927 2977 Spiritum
937 2946 955 2980 ,
1001 2919 1191 2981 quam
1234 2898 1292 2962 si
1333 2897 1600 2980 Libyam
1640 2898 1903 2963 remotis

619 2976 899 3042 Gadibus
942 2980 1168 3064 iungas
1213 2984 1282 3045 et
1320 2984 1582 3064 uterque
1624 2980 1876 3045 Poenus

711 3060 959 3127 Serviass
998 3064 1129 3127 uni.

617 3175 862 3244 crescit
899 3177 1079 3241 indul
1127 3200 1240 3243 ens
1270 3180 1393 3244 sibi
1436 3180 1609 3244 dirus
1651 3179 1928 3275 hydrops

613 3260 680 3326 N
682 3281 754 3326 ec
798 3260 972 3325 sitim
1013 3283 1093 3344 pe
1121 3262 1224 3345 lit,
1270 3263 1397 3327 nisi
1441 3284 1629 3328 causa
1669 3262 1879 3326 morbi

608 3344 877 3429 Fugeriiz
916 3344 1094 3409 venis
1141 3349 1208 3409 et
1247 3368 1521 3429 aquosus
1564 3346 1710 3411 albo

667 3427 952 3515 Corpore
1003 3429 1293 3515 languor.
