<?xml version="1.0" encoding="UTF-8"?>
<!DOCTYPE html PUBLIC "-//W3C//DTD XHTML 1.0 Transitional//EN"
    "http://www.w3.org/TR/xhtml1/DTD/xhtml1-transitional.dtd">
<html xmlns="http://www.w3.org/1999/xhtml" xml:lang="en" lang="en">
 <head>
  <title>
</title>
<meta http-equiv="Content-Type" content="text/html;charset=utf-8" />
  <meta name='ocr-system' content='tesseract 3.04.00' />
  <meta name='ocr-capabilities' content='ocr_page ocr_carea ocr_par ocr_line ocrx_word'/>
</head>
<body>
  <div class='ocr_page' id='page_1' title='image "./carmina00horagoog_0196.png"; bbox 0 0 2514 3950; ppageno 0'>
   <div class='ocr_carea' id='block_1_1' title="bbox 385 2131 450 2180">
    <p class='ocr_par' dir='ltr' id='par_1_1' title="bbox 385 2131 450 2180">
     <span class='ocr_line' id='line_1_1' title="bbox 385 2131 450 2180; baseline -0.031 0"><span class='ocrx_word' id='word_1_1' title='bbox 385 2131 450 2180; x_wconf 82' lang='lat'><strong>10</strong></span> 
     </span>
    </p>
   </div>
   <div class='ocr_carea' id='block_1_2' title="bbox 387 2602 447 2652">
    <p class='ocr_par' dir='ltr' id='par_1_2' title="bbox 387 2602 447 2652">
     <span class='ocr_line' id='line_1_2' title="bbox 387 2602 447 2652; baseline 0 0"><span class='ocrx_word' id='word_1_2' title='bbox 387 2602 447 2652; x_wconf 81' lang='lat'><strong>15</strong></span> 
     </span>
    </p>
   </div>
   <div class='ocr_carea' id='block_1_3' title="bbox 382 3074 451 3125">
    <p class='ocr_par' dir='ltr' id='par_1_3' title="bbox 382 3074 451 3125">
     <span class='ocr_line' id='line_1_3' title="bbox 382 3074 451 3125; baseline -0.014 0"><span class='ocrx_word' id='word_1_3' title='bbox 382 3074 451 3125; x_wconf 82' lang='lat'><strong>20</strong></span> 
     </span>
    </p>
   </div>
   <div class='ocr_carea' id='block_1_4' title="bbox 926 858 1738 964">
    <p class='ocr_par' dir='ltr' id='par_1_4' title="bbox 926 858 1738 964">
     <span class='ocr_line' id='line_1_4' title="bbox 926 858 1738 964; baseline 0.006 -4"><span class='ocrx_word' id='word_1_4' title='bbox 926 858 1738 964; x_wconf 81' lang='lat' dir='ltr'><strong>OARMEN</strong></span> 
     </span>
    </p>
   </div>
   <div class='ocr_carea' id='block_1_5' title="bbox 1110 1058 1552 1117">
    <p class='ocr_par' dir='ltr' id='par_1_5' title="bbox 1110 1058 1552 1117">
     <span class='ocr_line' id='line_1_5' title="bbox 1110 1058 1552 1117; baseline 0.005 -3"><span class='ocrx_word' id='word_1_5' title='bbox 1110 1058 1552 1117; x_wconf 72' lang='lat' dir='ltr'><strong>SAEOVLABE.</strong></span> 
     </span>
    </p>
   </div>
   <div class='ocr_carea' id='block_1_6' title="bbox 688 1228 2016 1595">
    <p class='ocr_par' dir='ltr' id='par_1_6' title="bbox 688 1228 2000 1342">
     <span class='ocr_line' id='line_1_6' title="bbox 688 1228 2000 1342; baseline -0.002 -17"><span class='ocrx_word' id='word_1_6' title='bbox 688 1228 978 1326; x_wconf 81' lang='lat' dir='ltr'>Phoebe</span> <span class='ocrx_word' id='word_1_7' title='bbox 1021 1257 1447 1341; x_wconf 79' lang='lat' dir='ltr'><strong>silvarumque</strong></span> <span class='ocrx_word' id='word_1_8' title='bbox 1486 1259 1717 1342; x_wconf 84' lang='lat' dir='ltr'><strong>potens</strong></span> <span class='ocrx_word' id='word_1_9' title='bbox 1759 1256 2000 1341; x_wconf 67' lang='lat' dir='ltr'><strong>Diana,</strong></span> 
     </span>
    </p>

    <p class='ocr_par' dir='ltr' id='par_1_7' title="bbox 688 1340 1850 1427">
     <span class='ocr_line' id='line_1_7' title="bbox 688 1340 1850 1427; baseline -0.002 -20"><span class='ocrx_word' id='word_1_10' title='bbox 688 1341 999 1408; x_wconf 83' lang='lat' dir='ltr'><strong>Lucidum</strong></span> <span class='ocrx_word' id='word_1_11' title='bbox 1040 1342 1203 1407; x_wconf 78' lang='lat' dir='ltr'><strong>caeli</strong></span> <span class='ocrx_word' id='word_1_12' title='bbox 1246 1342 1468 1427; x_wconf 88' lang='lat' dir='ltr'><strong>decus,</strong></span> <span class='ocrx_word' id='word_1_13' title='bbox 1514 1362 1553 1406; x_wconf 96' lang='lat' dir='ltr'><strong>o</strong></span> <span class='ocrx_word' id='word_1_14' title='bbox 1598 1340 1850 1407; x_wconf 89' lang='lat' dir='ltr'><strong>colendi</strong></span> 
     </span>
    </p>

    <p class='ocr_par' dir='ltr' id='par_1_8' title="bbox 689 1425 2016 1595">
     <span class='ocr_line' id='line_1_8' title="bbox 689 1425 2016 1511; baseline -0.002 -19"><span class='ocrx_word' id='word_1_15' title='bbox 689 1425 838 1493; x_wconf 86' lang='lat' dir='ltr'><strong>Sem</strong></span> <span class='ocrx_word' id='word_1_16' title='bbox 884 1448 954 1491; x_wconf 92' lang='lat' dir='ltr'><strong>er</strong></span> <span class='ocrx_word' id='word_1_17' title='bbox 981 1429 1046 1491; x_wconf 91' lang='lat' dir='ltr'><strong>et</strong></span> <span class='ocrx_word' id='word_1_18' title='bbox 1075 1425 1261 1511; x_wconf 84' lang='lat' dir='ltr'><strong>culti,</strong></span> <span class='ocrx_word' id='word_1_19' title='bbox 1307 1425 1452 1491; x_wconf 83' lang='lat' dir='ltr'><strong>date</strong></span> <span class='ocrx_word' id='word_1_20' title='bbox 1492 1447 1653 1510; x_wconf 79' lang='lat' dir='ltr'><strong>quae</strong></span> <span class='ocrx_word' id='word_1_21' title='bbox 1679 1441 2016 1511; x_wconf 81' lang='lat' dir='ltr'><strong>precamur</strong></span> 
     </span>
     <span class='ocr_line' id='line_1_9' title="bbox 842 1531 1361 1595; baseline -0.002 -20"><span class='ocrx_word' id='word_1_22' title='bbox 842 1531 1105 1595; x_wconf 79' lang='lat' dir='ltr'><strong>empore</strong></span> <span class='ocrx_word' id='word_1_23' title='bbox 1148 1531 1361 1595; x_wconf 82' lang='lat' dir='ltr'><strong>sacro,</strong></span> 
     </span>
    </p>
   </div>
   <div class='ocr_carea' id='block_1_7' title="bbox 686 1644 1946 1965">
    <p class='ocr_par' dir='ltr' id='par_1_9' title="bbox 693 1644 1785 1729">
     <span class='ocr_line' id='line_1_10' title="bbox 693 1644 1785 1729; baseline -0.001 -19"><span class='ocrx_word' id='word_1_24' title='bbox 693 1644 834 1721; x_wconf 84' lang='lat' dir='ltr'><strong>Quo</strong></span> <span class='ocrx_word' id='word_1_25' title='bbox 878 1644 1179 1729; x_wconf 78' lang='lat' dir='ltr'><strong>Sibyllini</strong></span> <span class='ocrx_word' id='word_1_26' title='bbox 1219 1667 1525 1711; x_wconf 91' lang='lat' dir='ltr'><strong>monuere</strong></span> <span class='ocrx_word' id='word_1_27' title='bbox 1568 1666 1785 1710; x_wconf 80' lang='lat' dir='ltr'><strong>versus</strong></span> 
     </span>
    </p>

    <p class='ocr_par' dir='ltr' id='par_1_10' title="bbox 686 1728 1885 1815">
     <span class='ocr_line' id='line_1_11' title="bbox 686 1728 1885 1815; baseline 0 -21"><span class='ocrx_word' id='word_1_28' title='bbox 686 1728 991 1814; x_wconf 83' lang='lat' dir='ltr'><strong>Virgines</strong></span> <span class='ocrx_word' id='word_1_29' title='bbox 1034 1729 1233 1795; x_wconf 80' lang='lat' dir='ltr'><strong>lectas</strong></span> <span class='ocrx_word' id='word_1_30' title='bbox 1276 1751 1632 1815; x_wconf 88' lang='lat' dir='ltr'><strong>puerosque</strong></span> <span class='ocrx_word' id='word_1_31' title='bbox 1674 1732 1885 1794; x_wconf 78' lang='lat' dir='ltr'><strong>castos</strong></span> 
     </span>
    </p>

    <p class='ocr_par' dir='ltr' id='par_1_11' title="bbox 687 1812 1946 1965">
     <span class='ocr_line' id='line_1_12' title="bbox 687 1812 1946 1899; baseline 0 -21"><span class='ocrx_word' id='word_1_32' title='bbox 687 1812 806 1879; x_wconf 90' lang='lat' dir='ltr'><strong>Dis</strong></span> <span class='ocrx_word' id='word_1_33' title='bbox 850 1813 1080 1898; x_wconf 92' lang='lat' dir='ltr'><strong>quibus</strong></span> <span class='ocrx_word' id='word_1_34' title='bbox 1124 1817 1372 1899; x_wconf 90' lang='lat' dir='ltr'><strong>septem</strong></span> <span class='ocrx_word' id='word_1_35' title='bbox 1411 1815 1707 1899; x_wconf 81' lang='lat' dir='ltr'><strong>placuere</strong></span> <span class='ocrx_word' id='word_1_36' title='bbox 1750 1812 1946 1881; x_wconf 84' lang='lat' dir='ltr'><strong>colles</strong></span> 
     </span>
     <span class='ocr_line' id='line_1_13' title="bbox 788 1896 1336 1965; baseline 0.002 -3"><span class='ocrx_word' id='word_1_37' title='bbox 788 1896 1016 1964; x_wconf 87' lang='lat' dir='ltr'><strong>Dicere</strong></span> <span class='ocrx_word' id='word_1_38' title='bbox 1060 1920 1336 1965; x_wconf 81' lang='lat' dir='ltr'><strong>carmen.</strong></span> 
     </span>
    </p>
   </div>
   <div class='ocr_carea' id='block_1_8' title="bbox 682 2032 1930 2351">
    <p class='ocr_par' dir='ltr' id='par_1_12' title="bbox 685 2032 1910 2119">
     <span class='ocr_line' id='line_1_14' title="bbox 685 2032 1910 2119; baseline -0.002 -20"><span class='ocrx_word' id='word_1_39' title='bbox 685 2036 876 2100; x_wconf 91' lang='lat' dir='ltr'><strong>Alme</strong></span> <span class='ocrx_word' id='word_1_40' title='bbox 921 2034 1062 2119; x_wconf 86' lang='lat' dir='ltr'><strong>Sol,</strong></span> <span class='ocrx_word' id='word_1_41' title='bbox 1109 2057 1297 2100; x_wconf 81' lang='lat' dir='ltr'><strong>curru</strong></span> <span class='ocrx_word' id='word_1_42' title='bbox 1337 2033 1542 2099; x_wconf 89' lang='lat' dir='ltr'><strong>nitido</strong></span> <span class='ocrx_word' id='word_1_43' title='bbox 1587 2034 1757 2099; x_wconf 91' lang='lat' dir='ltr'><strong>diem</strong></span> <span class='ocrx_word' id='word_1_44' title='bbox 1800 2032 1910 2117; x_wconf 83' lang='lat' dir='ltr'><strong>qui</strong></span> 
     </span>
    </p>

    <p class='ocr_par' dir='ltr' id='par_1_13' title="bbox 682 2116 1905 2203">
     <span class='ocr_line' id='line_1_15' title="bbox 682 2116 1905 2203; baseline 0 -20"><span class='ocrx_word' id='word_1_45' title='bbox 682 2119 932 2183; x_wconf 85' lang='lat' dir='ltr'><strong>Promis</strong></span> <span class='ocrx_word' id='word_1_46' title='bbox 976 2121 1042 2183; x_wconf 90' lang='lat' dir='ltr'><strong>et</strong></span> <span class='ocrx_word' id='word_1_47' title='bbox 1083 2119 1253 2184; x_wconf 77' lang='lat' dir='ltr'><strong>celas</strong></span> <span class='ocrx_word' id='word_1_48' title='bbox 1298 2119 1586 2203; x_wconf 83' lang='lat' dir='ltr'><strong>aliusque</strong></span> <span class='ocrx_word' id='word_1_49' title='bbox 1629 2121 1695 2183; x_wconf 92' lang='lat' dir='ltr'><strong>et</strong></span> <span class='ocrx_word' id='word_1_50' title='bbox 1734 2116 1905 2183; x_wconf 89' lang='lat' dir='ltr'><strong>idem</strong></span> 
     </span>
    </p>

    <p class='ocr_par' dir='ltr' id='par_1_14' title="bbox 685 2200 1930 2351">
     <span class='ocr_line' id='line_1_16' title="bbox 685 2200 1930 2286; baseline 0.001 -20"><span class='ocrx_word' id='word_1_51' title='bbox 685 2201 1018 2285; x_wconf 82' lang='lat' dir='ltr'><strong>Nasceris,</strong></span> <span class='ocrx_word' id='word_1_52' title='bbox 1062 2202 1271 2286; x_wconf 87' lang='lat' dir='ltr'><strong>possis</strong></span> <span class='ocrx_word' id='word_1_53' title='bbox 1315 2202 1481 2266; x_wconf 88' lang='lat' dir='ltr'><strong>nihil</strong></span> <span class='ocrx_word' id='word_1_54' title='bbox 1521 2202 1678 2268; x_wconf 88' lang='lat' dir='ltr'><strong>urbe</strong></span> <span class='ocrx_word' id='word_1_55' title='bbox 1720 2200 1930 2267; x_wconf 82' lang='lat' dir='ltr'><strong>Roma</strong></span> 
     </span>
     <span class='ocr_line' id='line_1_17' title="bbox 786 2284 1291 2351; baseline 0.002 -1"><span class='ocrx_word' id='word_1_56' title='bbox 786 2284 1011 2350; x_wconf 82' lang='lat' dir='ltr'><strong>Visere</strong></span> <span class='ocrx_word' id='word_1_57' title='bbox 1054 2286 1291 2351; x_wconf 79' lang='lat' dir='ltr'><strong>maius!</strong></span> 
     </span>
    </p>
   </div>
   <div class='ocr_carea' id='block_1_9' title="bbox 682 2420 1780 2739">
    <p class='ocr_par' dir='ltr' id='par_1_15' title="bbox 686 2420 1711 2506">
     <span class='ocr_line' id='line_1_18' title="bbox 686 2420 1711 2506; baseline 0.001 -22"><span class='ocrx_word' id='word_1_58' title='bbox 686 2420 834 2485; x_wconf 84' lang='lat' dir='ltr'><strong>Rite</strong></span> <span class='ocrx_word' id='word_1_59' title='bbox 877 2424 1160 2486; x_wconf 85' lang='lat' dir='ltr'><strong>maturos</strong></span> <span class='ocrx_word' id='word_1_60' title='bbox 1204 2422 1450 2506; x_wconf 88' lang='lat' dir='ltr'><strong>aperire</strong></span> <span class='ocrx_word' id='word_1_61' title='bbox 1491 2423 1711 2506; x_wconf 82' lang='lat' dir='ltr'><strong>partus</strong></span> 
     </span>
    </p>

    <p class='ocr_par' dir='ltr' id='par_1_16' title="bbox 686 2503 1780 2590">
     <span class='ocr_line' id='line_1_19' title="bbox 686 2503 1780 2590; baseline 0 -21"><span class='ocrx_word' id='word_1_62' title='bbox 686 2503 879 2569; x_wconf 87' lang='lat' dir='ltr'><strong>Lenis</strong></span> <span class='ocrx_word' id='word_1_63' title='bbox 894 2553 913 2588; x_wconf 88' lang='lat'>‚</span> <span class='ocrx_word' id='word_1_64' title='bbox 956 2504 1246 2590; x_wconf 80' lang='lat' dir='ltr'><strong>Ilithyia‚</strong></span> <span class='ocrx_word' id='word_1_65' title='bbox 1291 2508 1469 2571; x_wconf 86' lang='lat' dir='ltr'><strong>tuere</strong></span> <span class='ocrx_word' id='word_1_66' title='bbox 1512 2509 1780 2587; x_wconf 80' lang='lat' dir='ltr'><strong>matres,</strong></span> 
     </span>
    </p>

    <p class='ocr_par' dir='ltr' id='par_1_17' title="bbox 682 2587 1763 2739">
     <span class='ocr_line' id='line_1_20' title="bbox 682 2587 1763 2675; baseline -0.001 -22"><span class='ocrx_word' id='word_1_67' title='bbox 682 2587 830 2654; x_wconf 83' lang='lat' dir='ltr'><strong>Sive</strong></span> <span class='ocrx_word' id='word_1_68' title='bbox 870 2591 945 2653; x_wconf 90' lang='lat' dir='ltr'><strong>tu</strong></span> <span class='ocrx_word' id='word_1_69' title='bbox 986 2589 1231 2655; x_wconf 88' lang='lat' dir='ltr'><strong>Lucina</strong></span> <span class='ocrx_word' id='word_1_70' title='bbox 1271 2590 1504 2675; x_wconf 79' lang='lat' dir='ltr'><strong>probas</strong></span> <span class='ocrx_word' id='word_1_71' title='bbox 1547 2610 1763 2654; x_wconf 74' lang='lat' dir='ltr'><strong>vocari</strong></span> 
     </span>
     <span class='ocr_line' id='line_1_21' title="bbox 788 2672 1304 2739; baseline -0.002 0"><span class='ocrx_word' id='word_1_72' title='bbox 788 2672 915 2739; x_wconf 87' lang='lat' dir='ltr'><strong>Seu</strong></span> <span class='ocrx_word' id='word_1_73' title='bbox 959 2672 1304 2739; x_wconf 76' lang='lat' dir='ltr'><strong>Genitalis:</strong></span> 
     </span>
    </p>
   </div>
   <div class='ocr_carea' id='block_1_10' title="bbox 685 2808 1998 3147">
    <p class='ocr_par' dir='ltr' id='par_1_18' title="bbox 685 2808 1998 2894">
     <span class='ocr_line' id='line_1_22' title="bbox 685 2808 1998 2894; baseline -0.002 -21"><span class='ocrx_word' id='word_1_74' title='bbox 685 2808 881 2894; x_wconf 83' lang='lat' dir='ltr'><strong>Diva,</strong></span> <span class='ocrx_word' id='word_1_75' title='bbox 924 2808 1240 2893; x_wconf 81' lang='lat' dir='ltr'><strong>producas</strong></span> <span class='ocrx_word' id='word_1_76' title='bbox 1286 2808 1575 2874; x_wconf 89' lang='lat' dir='ltr'><strong>subolem</strong></span> <span class='ocrx_word' id='word_1_77' title='bbox 1616 2810 1998 2893; x_wconf 80' lang='lat' dir='ltr'><strong>patrumque</strong></span> 
     </span>
    </p>

    <p class='ocr_par' dir='ltr' id='par_1_19' title="bbox 685 2892 1895 2991">
     <span class='ocr_line' id='line_1_23' title="bbox 685 2892 1895 2991; baseline 0.002 -34"><span class='ocrx_word' id='word_1_78' title='bbox 685 2892 1030 2991; x_wconf 87' lang='lat' dir='ltr'><strong>Prosperes</strong></span> <span class='ocrx_word' id='word_1_79' title='bbox 1075 2892 1329 2959; x_wconf 82' lang='lat' dir='ltr'><strong>decreta</strong></span> <span class='ocrx_word' id='word_1_80' title='bbox 1370 2914 1559 2978; x_wconf 88' lang='lat' dir='ltr'><strong>super</strong></span> <span class='ocrx_word' id='word_1_81' title='bbox 1599 2892 1895 2978; x_wconf 76' lang='lat' dir='ltr'><strong>iugandis</strong></span> 
     </span>
    </p>

    <p class='ocr_par' dir='ltr' id='par_1_20' title="bbox 685 2975 1825 3147">
     <span class='ocr_line' id='line_1_24' title="bbox 685 2975 1825 3061; baseline 0 -21"><span class='ocrx_word' id='word_1_82' title='bbox 685 2975 968 3042; x_wconf 68' lang='lat' dir='ltr'><strong>Feminis</strong></span> <span class='ocrx_word' id='word_1_83' title='bbox 1010 2978 1335 3061; x_wconf 90' lang='lat' dir='ltr'><strong>prolisque</strong></span> <span class='ocrx_word' id='word_1_84' title='bbox 1377 2997 1581 3042; x_wconf 80' lang='lat' dir='ltr'><strong>novae</strong></span> <span class='ocrx_word' id='word_1_85' title='bbox 1626 2977 1825 3042; x_wconf 79' lang='lat' dir='ltr'><strong>feraci</strong></span> 
     </span>
     <span class='ocr_line' id='line_1_25' title="bbox 796 3059 1269 3147; baseline 0.004 -23"><span class='ocrx_word' id='word_1_86' title='bbox 796 3059 969 3146; x_wconf 86' lang='lat' dir='ltr'><strong>Lege</strong></span> <span class='ocrx_word' id='word_1_87' title='bbox 1010 3063 1269 3147; x_wconf 82' lang='lat' dir='ltr'><strong>marita,</strong></span> 
     </span>
    </p>
   </div>
   <div class='ocr_carea' id='block_1_11' title="bbox 686 3194 1954 3530">
    <p class='ocr_par' dir='ltr' id='par_1_21' title="bbox 688 3194 1954 3281">
     <span class='ocr_line' id='line_1_26' title="bbox 688 3194 1954 3281; baseline -0.002 -20"><span class='ocrx_word' id='word_1_88' title='bbox 688 3194 915 3261; x_wconf 86' lang='lat' dir='ltr'><strong>Certus</strong></span> <span class='ocrx_word' id='word_1_89' title='bbox 958 3195 1247 3261; x_wconf 89' lang='lat' dir='ltr'><strong>undenos</strong></span> <span class='ocrx_word' id='word_1_90' title='bbox 1294 3196 1547 3262; x_wconf 85' lang='lat' dir='ltr'><strong>deciens</strong></span> <span class='ocrx_word' id='word_1_91' title='bbox 1592 3218 1707 3281; x_wconf 91' lang='lat' dir='ltr'><strong>per</strong></span> <span class='ocrx_word' id='word_1_92' title='bbox 1750 3215 1954 3259; x_wconf 81' lang='lat' dir='ltr'><strong>annos</strong></span> 
     </span>
    </p>

    <p class='ocr_par' dir='ltr' id='par_1_22' title="bbox 687 3278 1892 3365">
     <span class='ocr_line' id='line_1_27' title="bbox 687 3278 1892 3365; baseline -0.001 -21"><span class='ocrx_word' id='word_1_93' title='bbox 687 3278 877 3344; x_wconf 90' lang='lat' dir='ltr'><strong>Orbis</strong></span> <span class='ocrx_word' id='word_1_94' title='bbox 920 3282 995 3344; x_wconf 93' lang='lat' dir='ltr'><strong>ut</strong></span> <span class='ocrx_word' id='word_1_95' title='bbox 1037 3283 1264 3345; x_wconf 81' lang='lat' dir='ltr'><strong>cantus</strong></span> <span class='ocrx_word' id='word_1_96' title='bbox 1305 3281 1661 3365; x_wconf 79' lang='lat' dir='ltr'><strong>referatque</strong></span> <span class='ocrx_word' id='word_1_97' title='bbox 1704 3279 1892 3346; x_wconf 91' lang='lat' dir='ltr'><strong>ludos</strong></span> 
     </span>
    </p>

    <p class='ocr_par' dir='ltr' id='par_1_23' title="bbox 686 3361 1807 3530">
     <span class='ocr_line' id='line_1_28' title="bbox 686 3361 1807 3451; baseline 0.004 -26"><span class='ocrx_word' id='word_1_98' title='bbox 686 3361 812 3427; x_wconf 81' lang='lat' dir='ltr'><strong>&#39;Per</strong></span> <span class='ocrx_word' id='word_1_99' title='bbox 854 3362 956 3427; x_wconf 89' lang='lat' dir='ltr'><strong>die</strong></span> <span class='ocrx_word' id='word_1_100' title='bbox 1000 3364 1172 3428; x_wconf 87' lang='lat' dir='ltr'><strong>claro</strong></span> <span class='ocrx_word' id='word_1_101' title='bbox 1215 3365 1580 3449; x_wconf 76' lang='lat' dir='ltr'><strong>totiensque</strong></span> <span class='ocrx_word' id='word_1_102' title='bbox 1622 3367 1807 3451; x_wconf 77' lang='lat' dir='ltr'><strong>grata</strong></span> 
     </span>
     <span class='ocr_line' id='line_1_29' title="bbox 786 3445 1420 3530; baseline 0.002 -19"><span class='ocrx_word' id='word_1_103' title='bbox 786 3445 994 3511; x_wconf 90' lang='lat' dir='ltr'><strong>Nocte</strong></span> <span class='ocrx_word' id='word_1_104' title='bbox 1038 3446 1420 3530; x_wconf 84' lang='lat' dir='ltr'><strong>frequentes.</strong></span> 
     </span>
    </p>
   </div>
  </div>
 </body>
</html>
