2514 3950
403 193 482 254 14
1163 201 1560 257 CARMINVM

398 372 428 421 5
513 359 761 426 Nereus
804 363 956 427 fata.
1031 363 1229 427 ‘Mala
1273 365 1449 428 ducis
1495 364 1598 427 avi
1642 363 1929 439 domum,

523 445 729 520 Quam
770 449 973 512 multo
1016 452 1262 532 repetet
1309 448 1577 512 Graecia
1618 449 1848 531 milite,

524 528 874 595 Coniurata
916 534 1060 595 tuas
1102 554 1395 615 rumpere
1442 533 1701 617 nuptias

603 614 692 679 Et
733 637 1004 700 regnum
1045 615 1286 679 Priami
1328 620 1527 682 vetuS.

517 748 700 811 Eheu
713 796 731 828 ,
779 747 1050 831 quantus
1095 746 1302 829 equis,
1350 753 1623 829 quantus
1670 749 1848 812 adest
1892 750 2045 813 viris

399 841 464 889 10
527 828 762 894 Sudor!
811 832 1049 912 quanta
1090 850 1307 894 moves
1350 831 1575 894 funera
1617 830 1955 895 Dardanae

529 911 748 977 Genti!
796 913 935 976 Iam
977 914 1229 998 galeam
1270 914 1484 978 Pallas
1531 918 1594 979 et
1638 916 1866 1000 aegida

610 995 970 1080 Currusque
1015 1002 1079 1061 et
1119 998 1363 1062 rabiem
1405 1003 1607 1082 parat.

522 1130 924 1216 Nequiquam
966 1132 1233 1197 Veneris
1277 1134 1594 1217 praesidio
1639 1133 1819 1198 ferox

521 1214 743 1280 Pectes
789 1218 1163 1300 caesariem,
1207 1220 1515 1302 grataque
1559 1218 1815 1282 feminis

401 1311 460 1360 15
524 1297 757 1363 Inbelli
802 1301 1046 1365 cithara
1089 1302 1370 1365 carmina
1414 1301 1680 1387 divides3

606 1384 1011 1468 Nequiquam
1053 1385 1338 1449 thalamo
1382 1407 1609 1471 graves

519 1518 757 1582 Hastas
803 1522 868 1583 et
910 1519 1137 1583 calami
1181 1521 1425 1605 spicula
1459 1521 1679 1588 Cnosii

519 1602 772 1667 Vitabis
817 1603 1273 1689 strepitumque
1318 1609 1382 1670 et
1421 1606 1689 1670 celerem
1733 1606 1911 1689 sequi

520 1688 820 1752 Aiacem:
864 1691 1108 1772 tamen,
1153 1689 1277 1753 heu
1324 1692 1529 1755 serus!
1588 1689 1909 1754 adulteros

393 1785 461 1833 20
609 1770 833 1836 Crines
875 1773 1133 1855 pulvere
1177 1774 1460 1839 collineS.

519 1907 672 1973 Non
715 1906 1123 1993 Laertiaden,
1169 1909 1432 1973 exitium
1473 1912 1622 1974 tuae

523 1991 744 2076 Genti,
791 2014 925 2057 non
966 1993 1221 2076 Pylium
1263 1994 1541 2059 Nestora
1583 1994 1897 2078 respicis?

518 2075 611 2140 Vr
703 2080 812 2141 ent
853 2078 1138 2161 inpavidi
1179 2081 1245 2142 te
1292 2078 1674 2143 Salaminius

660 2182 875 2245 eucer,
922 2165 986 2225 te
1031 2161 1402 2246 StheneluS,
1450 2163 1657 2226 sciens

391 2307 457 2357 25
522 2295 815 2380 Pugnae,
862 2296 992 2361 sive
1037 2318 1196 2380 opus
1242 2298 1341 2361 est
1381 2296 1746 2380 imperitare
1790 2296 1998 2382 equiS,

517 2379 670 2444 Non
713 2380 936 2444 aurio-a
977 2382 1178 2465 piger.
1267 2379 1603 2445 Merionen
1646 2402 1896 2472 quoque

518 2463 781 2529 Nosces.
850 2433 1036 2529 tf'FJcce
1078 2463 1256 2547 furit,
1276 2466 1340 2528 te
1382 2466 1657 2550 reperire
1701 2469 1908 2545 atrox,

602 2547 876 2632 Tydides
920 2549 1146 2613 melior
1186 2552 1398 2634 patre,

519 2682 721 2758 Quem
761 2687 862 2767 tu,
910 2705 1128 2748 cervus
1170 2683 1269 2748 uti
1311 2685 1496 2749 vallis
1540 2686 1606 2749 in
1654 2686 1854 2749 altera

391 2780 456 2829 30
518 2766 746 2832 Visum
787 2771 969 2851 parte
1012 2768 1232 2851 lupum
1274 2770 1583 2853 graminis
1626 2770 1969 2851 inmemor,

518 2850 791 2917 Sublimi
831 2853 1041 2937 fugies
1084 2851 1298 2916 mollis
1342 2853 1659 2937 anhelitu,

600 2936 753 3001 Non
795 2935 919 3000 hoc
961 2937 1286 3021 pollicitus
1336 2940 1502 3001 tuae.

516 3070 830 3135 Iracunda
872 3071 1040 3136 diem
1083 3071 1368 3155 proferet
1406 3069 1528 3133 Ilio
1801 3149 1808 3155 ¹

517 3155 955 3240 Matronisque
996 3154 1324 3238 Phrygum
1370 3152 1590 3216 classis
1632 3148 1911 3215 Achillei
1920 3172 1939 3232 3

391 3250 455 3299 35
513 3238 671 3304 Post
715 3242 918 3304 certas
961 3238 1204 3302 hiemes
1247 3238 1390 3300 uret
1431 3235 1750 3301 Achaicus

601 3323 781 3408 Ignis
826 3323 1210 3408 Pergameas
1256 3318 1521 3385 domos’.

2182 201 2323 274 [xv.
