2514 3950
348 120 548 175 Lxxu
845 123 943 178 DE
977 124 1251 193 minus
1287 124 1758 182 HORATIAMS.

347 271 577 328 caicum
611 273 675 330 et
708 272 1001 347 quaedam
1035 272 1412 349 asclepiadea
1444 274 1676 332 nullam
1716 272 1952 331 omnino
1988 271 2259 332 habuere

351 357 653 434 notitiam,
698 379 878 435 quam
910 364 1051 435 post
1084 379 1239 421 xvm
1272 361 1460 419 ferme
1494 361 1733 419 saecula
1768 361 2261 436 redintegrarunt

351 445 682 505 Meinekius
735 451 799 506 et
850 448 1285 507 Lachmannus.
1380 448 1541 507 Nam
1595 466 1706 507 nec
1762 447 1924 522 apud
1980 447 2263 507 Caesium

355 533 608 592 Bassum
660 536 971 611 aequalem
1026 536 1086 592 N
1087 535 1311 607 eroniS,
1374 536 1471 593 cui
1531 536 1837 610 inscripsit
1897 536 2124 594 librum
2184 535 2262 594 de

352 621 576 694 metriS,
619 624 885 682 melioris
929 623 1236 682 doctrinae
1282 626 1534 698 apparet
1578 624 1920 698 vestigium.

481 710 573 767 De
619 710 961 769 auctoribus
1003 714 1347 785 metrorum,
1392 728 1541 784 quos
1586 711 1651 768 in
1689 710 1960 769 iambicis
2005 712 2071 768 et
2114 711 2266 786 lyri-

348 796 436 855 cis
472 797 762 871 adhibuit,
796 798 927 872 ipse
961 798 1306 871 plenissime
1340 798 1584 871 exponit
1608 798 1674 856 in
1698 798 1960 872 epistula
1993 798 2075 856 ad
2099 799 2267 858 Mae—

350 887 620 942 cenatem
666 880 894 959 [1,19,
942 887 1025 944 23
1074 882 1256 960 sqq.].

1090 1014 1287 1070 Parios
1323 1032 1429 1085 ego
1464 1016 1677 1086 primus
1712 1016 1929 1070 iambos

493 1084 717 1140 ostendi
751 1084 941 1153 Latio,
977 1103 1237 1140 numeros
1273 1087 1599 1154 animosque
1635 1090 1857 1140 secutus

492 1155 840 1223 Archilochi,
873 1174 990 1211 non
1023 1174 1112 1210 res
1148 1159 1209 1210 et
1241 1157 1473 1236 agentia
1505 1156 1678 1210 verba
1710 1155 2045 1224 Lycamben.

492 1242 560 1280 ac
594 1243 665 1279 ne
700 1243 791 1280 me
824 1200 981 1281 ’foliis
1017 1227 1146 1281 ideo
1180 1226 1531 1281 brevioribus
1567 1243 1755 1294 ornes,

494 1296 645 1365 quod
679 1296 846 1349 timui
879 1299 1098 1349 mutare
1132 1297 1333 1350 modos
1370 1299 1431 1349 et
1464 1297 1725 1349 carminis
1767 1299 1972 1351 artem·

491 1367 772 1434 temperat
803 1366 1129 1420 Archilochi
1160 1365 1383 1421 Musam
1415 1365 1560 1434 pede
1595 1367 1847 1420 mascula
1882 1366 2144 1437 Sappho,

492 1438 777 1506 temperat
809 1435 1074 1503 Alcaeus,
1111 1435 1212 1490 sed
1244 1436 1412 1491 rebus
1447 1438 1508 1489 et
1541 1436 1736 1491 ordine
1772 1437 1988 1518 dispar,

493 1524 599 1561 nec
636 1523 889 1559 socerum
924 1506 1166 1574 quaerit,
1203 1523 1371 1575 quem
1406 1505 1658 1560 versibus
1693 1505 1913 1561 oblinat
1945 1509 2111 1575 atris,

493 1593 599 1631 nec
634 1593 873 1646 sponsae
908 1577 1171 1644 laqueum
1205 1578 1419 1632 famoso
1457 1578 1699 1630 carmine
1733 1579 1927 1631 nectit,

492 1649 647 1701 hunc
680 1664 789 1716 ego
822 1663 938 1701 non
971 1647 1084 1701 alio
1119 1646 1338 1703 dictum
1369 1648 1526 1717 prius
1561 1663 1657 1701 ore
1692 1648 1924 1703 Latinus

492 1719 727 1788 volgavi
757 1717 978 1772 fidicen.

350 1851 429 1909 In
487 1851 584 1909 his
647 1850 807 1926 quod
864 1850 1232 1925 paenultimo
1287 1868 1468 1910 versu
1528 1850 1756 1926 legitur
1809 1852 1963 1910 hunc
2024 1852 2106 1910 ad
2161 1854 2273 1912 Al·

352 1958 588 2017 caeum,
640 1958 761 2000 non
812 1938 890 1999 ad
938 1938 1365 1999 Archilochum
1419 1939 1724 2014 pertinere
1774 1940 2088 1999 verissime
2140 1960 2272 2001 mo·

351 2030 487 2088 nuit
529 2028 858 2088 Bentleius,
927 2028 1251 2086 Praeterea
1289 2028 1443 2085 illud
1486 2031 1762 2101 temperat
1796 2028 1899 2086 diu
1934 2028 2270 2089 meditatus

350 2136 474 2176 non
526 2117 645 2175 alio
699 2117 827 2173 fere
878 2114 1053 2171 modo
1108 2119 1289 2188 atque
1340 2115 1500 2182 idem
1553 2116 1785 2173 censuit
1836 2134 2018 2191 posse
2073 2118 2274 2194 accipi

353 2222 709 2279 persuasum
749 2202 963 2271 habe0,
1006 2203 1079 2257 ut
1121 2201 1203 2259 sit
1237 2200 1464 2258 dictum
1499 2202 1778 2261 similiter
1810 2206 1993 2279 atque
2027 2205 2093 2263 in
2127 2225 2270 2281 epo-

354 2293 449 2352 dis
475 2292 831 2363 desiderique
855 2293 1174 2359 temperare
1195 2288 1432 2359 pomata.
1493 2288 1704 2365 Itaque
1737 2291 1850 2349 hoc
1886 2290 2039 2351 dixit
2072 2292 2272 2352 Hora-

352 2382 478 2439 tius
530 2378 841 2437 miscuisse
891 2374 1150 2451 propriis
1202 2375 1591 2434 Aeolensium
1651 2379 1862 2436 metris
1915 2378 2274 2440 Archilochi

352 2468 559 2527 Ionica
600 2465 839 2540 Sappho
885 2466 949 2521 et
990 2461 1297 2535 Alcaeum,
1341 2462 1416 2521 de
1460 2481 1578 2539 qua
1619 2483 1688 2522 re
1731 2468 1795 2525 et
1836 2467 2078 2526 aliunde
2122 2487 2273 2528 con-

355 2558 496 2616 stat.
558 2554 760 2629 Igitur
793 2548 954 2625 quod
995 2548 1154 2606 idem
1198 2554 1510 2616 asseverat
1549 2551 1824 2611 timuisse
1868 2572 1936 2612 se
1979 2555 2271 2616 carminis

353 2643 522 2703 Parii
571 2639 781 2699 modos
834 2641 901 2696 et
948 2638 1145 2695 artem
1185 2635 1533 2709 immutare,
1588 2640 1865 2715 equidem
1908 2641 2073 2706 haud
2117 2662 2273 2704 same

352 2729 734 2808 urguendum
776 2743 909 2785 esse
951 2740 1179 2783 censeo.
1247 2723 1391 2798 Ipse
1432 2725 1652 2801 quippe
1694 2728 1900 2801 paullo
1944 2725 2089 2789 ante
2131 2731 2274 2789 imi-

350 2822 621 2878 tatorum
664 2833 905 2874 servum
947 2829 1158 2888 genuit,
1192 2813 1268 2868 ut
1305 2829 1418 2885 ptr
1460 2817 1606 2885 erat,
1650 2814 1856 2874 irrisit.

486 2904 771 2963 Ceterum
818 2902 980 2976 quod
1020 2898 1182 2957 idem
1216 2900 1438 2958 asserit
1479 2918 1518 2958 a
1552 2918 1617 2959 se
1649 2902 1994 2963 Archilochi
2028 2906 2277 2967 iambos

350 2993 682 3053 translatos
716 2989 783 3046 in
816 2987 1076 3059 Latium,
1120 2987 1212 3045 ita
1253 2987 1724 3088 intellegendum
1759 2992 1857 3048 est
1888 2995 1963 3049 ut
1994 2993 2280 3054 dicamus

350 3101 492 3141 eum
542 3078 806 3154 primum
858 3074 1064 3150 epodis
1123 3074 1330 3133 iuncta
1389 3076 1652 3138 carmina
1713 3077 1970 3137 iambica
2021 3085 2284 3155 aptasse

350 3171 602 3244 lmgum
650 3163 901 3239 patriae.
1000 3162 1241 3220 Etenim
1302 3167 1578 3222 cantores
1630 3164 2059 3244 Euphorionis»,
2115 3189 2286 3245 quos

349 3258 498 3317 dicit
524 3252 780 3324 Tullius,
813 3254 888 3308 ut
918 3253 1072 3325 puta
1105 3248 1399 3322 Catullus,
1433 3250 1712 3324 Laevius,
1748 3252 1870 3328 alii,
1903 3254 2087 3330 longe
2124 3261 2290 3320 aute

348 3348 567 3421 ipsum,
594 3338 1028 3399 Alexandrinos
1062 3337 1446 3413 potissimum
1478 3339 1669 3397 secuti
1702 3341 1929 3412 poetas»,
1954 3343 2292 3408 trimetros
